3256 5102
248 465 338 529 niam
361 465 488 548 integra
510 464 640 528 illorum
665 464 857 547 scriptorum
881 487 994 549 opera,
1018 487 1099 550 quae
1122 469 1232 531 noster
1254 467 1395 550 inspexit

248 575 281 636 et
303 571 471 655 expilavit,
493 569 588 634 nobis
611 592 678 635 non
702 575 829 636 servata
853 575 937 637 sunt.
974 571 1109 656 Aliquot
1123 577 1232 638 autem
1246 573 1336 657 locis,
1359 578 1396 638 ut

249 678 386 745 Carolus
408 676 585 742 Muellerus
609 699 736 762 quoque
760 677 883 762 optime
906 679 1080 762 intellexit,
1104 679 1159 744 ille
1182 679 1394 746 homunculus

249 787 374 851 astutus
399 807 432 849 se
456 807 577 871 suaque
601 790 749 868 tempora
771 784 922 870 prodidit.
959 778 1099 850 Uberius
1125 785 1211 850 hanc
1234 787 1394 870 quaestio-

248 914 322 957 nem
350 893 489 956 tractavi
520 893 555 956 in
583 892 705 956 Diariis
733 893 937 976 antiquitatis
969 893 1070 976 1841,
1097 914 1146 957 nr.
1172 893 1235 956 132
1263 896 1295 956 et
1321 894 1396 976 1333
1455 907 1462 915 ‘

252 999 350 1082 1844,
373 1020 420 1062 nr.
442 999 521 1082 136,
546 999 759 1083 137et1383
784 1001 816 1063 et
838 999 870 1062 in
895 998 995 1063 Jahni
1018 997 1189 1082 Klotzique
1213 996 1394 1062 Annalibus

249 1103 455 1190 philologieis
479 1108 512 1170 et
534 1105 763 1190 paedagogicis
784 1107 869 1171 1846
893 1104 1212 1190 (Supplementorum
1234 1105 1396 1170 volumine

249 1209 343 1300 ΧΠ),
364 1235 395 1295 p.
422 1211 538 1278 1-85.
575 1210 664 1286 Quae
686 1213 802 1296 postea
825 1213 893 1293 alii,
916 1218 954 1278 ut
975 1234 1077 1295 nuper
1099 1212 1134 1278 F.
1154 1211 1191 1276 G.
1210 1211 1335 1296 Unger,
1358 1211 1396 1276 de

250 1319 361 1384 eadem
384 1341 418 1383 re
442 1319 661 1416 disputarunt,
684 1341 722 1384 ea
745 1319 828 1383 nihil
850 1320 926 1384 novi
950 1320 1097 1384 afferunt.

340 1425 467 1490 Titulos
500 1427 701 1510 singularum
733 1426 1028 1512 paragraphorum,
1062 1449 1196 1511 quarum
1228 1449 1397 1492 numerum

251 1534 285 1599 C.
308 1532 483 1597 Muellerus
506 1532 687 1616 paullulum
710 1533 864 1615 mutavit,
894 1535 927 1596 et
955 1533 1012 1596 illa
1035 1532 1142 1596 futilia
1165 1535 1397 1598 commentitia-

250 1662 311 1725 que
330 1640 368 1704 de
384 1638 516 1723 Scylace
535 1639 569 1703 in
589 1638 683 1702 editis
702 1639 881 1721 praemissa
900 1641 933 1702 et
956 1661 976 1703 a
999 1639 1097 1703 sciolo
1122 1639 1262 1724 quodam
1285 1641 1361 1704 ficta
1380 1661 1396 1704 e

250 1746 356 1811 verbis
380 1745 500 1830 Peripli
523 1745 611 1830 ejeci.

339 1853 451 1918 Plures
480 1849 609 1937 quidem
637 1855 750 1918 extant
777 1854 873 1938 hujus
897 1853 1017 1937 Peripli
1047 1853 1187 1938 codices,
1215 1853 1253 1918 de
1282 1853 1398 1938 quibus

251 1964 282 2024 et
312 1981 372 2045 ego
400 1963 433 2023 et
456 1957 491 2024 C.
514 1958 686 2024 Muellerus
714 1961 845 2026 uberius
878 1961 1125 2046 disputavimus,
1156 1962 1211 2026 sed
1242 1982 1353 2026 omnes
1382 1983 1399 2024 e

251 2067 360 2133 codice
379 2065 530 2150 Parisino
555 2063 633 2150 (443
659 2065 897 2150 Supplementi)
920 2067 1110 2150 transcripti
1133 2071 1216 2132 sunt.
1254 2065 1336 2129 Eam
1357 2067 1398 2130 ob

251 2195 382 2238 causam
411 2173 446 2236 in
473 2172 666 2238 lectionibus
690 2173 892 2238 variantibus
920 2177 1049 2238 tantum
1078 2173 1174 2258 hujus
1202 2173 1277 2236 libri
1300 2196 1398 2237 manu

252 2281 363 2364 scripti
388 2280 485 2346 verba
507 2281 615 2365 posui,
638 2283 817 2345 ceterorum
833 2280 940 2363 omisi3
957 2281 1109 2344 ‘attamen
1127 2300 1194 2342 non
1213 2301 1323 2344 omnes
1343 2281 1399 2344 sed

233 2388 451 2472 insigniores
476 2387 581 2452 solum
606 2409 730 2452 errores
754 2387 787 2452 in
811 2387 947 2472 singulis
962 2386 1068 2450 verbis
1087 2385 1212 2450 librarii
1227 2387 1399 2450 oscitantia

253 2495 441 2560 commissos
473 2494 667 2558 enumeravi.
703 2492 798 2558 Hunc
826 2497 935 2557 autem
966 2492 1106 2557 codicem
1129 2489 1311 2558 Parisinum
1334 2495 1398 2576 pri·

255 2624 326 2667 mus
351 2623 423 2666 cum
447 2600 588 2666 editione
603 2599 752 2665 Gailiana
775 2599 1022 2684 diligentissime
1046 2600 1184 2664 contulit
1206 2600 1399 2665 Emmanuel

252 2709 412 2793 Millerus‚
435 2731 464 2773 v.
488 2707 539 2786 cl.‚
568 2710 601 2771 et
627 2706 782 2770 lectiones
810 2705 971 2768 variantes
998 2705 1033 2768 in
1059 2705 1157 2771 libro:
1188 2704 1401 2790 Supplement

253 2840 316 2881 aux
338 2816 501 2880 dernitres
525 2813 662 2879 editions
686 2812 741 2876 des
765 2811 864 2895 petits
889 2812 1110 2897 geographos‘
1133 2812 1282 2896 (Parisiis
1298 2813 1399 2900 1839)

255 2923 361 2987 edidit.
407 2922 490 2987 Tum
513 2922 583 3005 ipse
606 2941 732 3005 quoque
755 2920 790 2983 in
813 2919 1054 2984 dissertatione:
1078 2918 1204 3003 „Ueber
1222 2919 1274 2983 die
1288 2919 1399 2985 Hand-

256 3029 412 3096 schrifteu
426 3030 482 3094 der
495 3029 627 3093 klcinen
637 3026 866 3092 Griechischen
877 3026 1111 3112 Gcographen“
1125 3026 1281 3112 (Dresdae
1299 3027 1398 3114 1845)

255 3139 293 3202 de
320 3138 382 3202 hoc
410 3136 546 3220 aliisque
576 3135 668 3198 libris
698 3156 796 3198 manu
824 3133 953 3217 scriptis
981 3133 1101 3218 Peripli
1129 3134 1259 3199 uberius
1287 3135 1340 3220 egi
1370 3137 1402 3199 et

254 3248 358 3310 certas
382 3241 575 3307 emendandi
598 3241 741 3306 rationes
764 3241 869 3306 attuli.
906 3239 987 3306 Post
1009 3263 1060 3304 me
1075 3239 1211 3306 Carolus
1225 3241 1399 3308 Muellerus
1417 3304 1421 3314 ,

251 3353 287 3416 in
296 3351 400 3435 primo
415 3348 577 3413 volumine
592 3347 858 3433 Geographorum
868 3347 1065 3414 Graecorum
1079 3349 1239 3413 minorum
1250 3345 1397 3434 (Parisiis

257 3456 358 3542 1855)
387 3458 419 3520 et
452 3455 715 3539 diligentissime,
747 3460 785 3519 ut
812 3455 909 3539 solet,
941 3458 975 3519 et
1002 3455 1187 3520 acutissime
1214 3454 1253 3518 de
1281 3454 1400 3518 eisdem

256 3561 466 3647 disputavit,
481 3560 529 3624 Dc
559 3561 666 3625 verbis
694 3560 815 3645 Peripli
843 3543 1052 3626 emendandis
1082 3565 1158 3644 post
1186 3560 1339 3626 Vossium
1371 3565 1404 3626 et

256 3669 398 3734 Gailium
430 3667 622 3732 Emmanuel
654 3666 800 3732 Millerus
833 3671 865 3732 et
897 3655 1032 3733 Carolus
1067 3667 1242 3732 Muellerus
1279 3669 1402 3752 optime

255 3776 364 3842 meriti
386 3779 472 3840 sunt.

343 3881 479 3948 Numeri
501 3884 536 3946 in
558 3883 705 3967 margine
729 3882 879 3946 editionis
901 3885 1032 3946 nostrae
1055 3881 1154 3966 positi
1169 3881 1279 3946 addita
1292 3882 1403 3948 littera

256 3992 297 4057 H.
320 3991 465 4056 indicant
486 3990 626 4075 paginas
641 3989 791 4054 editionis
806 3988 1048 4072 Hudsoniasae3
1073 3984 1122 4052 ssli
1145 3991 1254 4054 autem
1267 3989 1402 4071 numeri,

257 4099 312 4184 qui
334 4099 370 4164 in
392 4099 472 4183 ipsis
495 4097 617 4181 Peripli
647 4096 753 4160 verbis
784 4099 971 4178 occurrunt,
998 4095 1032 4159 in
1060 4095 1168 4160 codice
1195 4094 1313 4176 ubique
1336 4093 1402 4157 fere

257 4205 377 4272 litteris
402 4202 447 4290 (d
470 4204 500 4269 d
522 4201 552 4288 γ’
576 4201 690 4291 peto.)
714 4206 878 4268 notantur.

348 4329 535 4396 scribebam
557 4328 701 4394 Dresdae
724 4348 834 4392 mense
858 4325 946 4412 Majo
970 4321 1296 4393 MDCCCLXXVIII.

863 4569 1001 4984 t
