3256 5102
668 328 885 392 ..29..-

178 496 182 506 '
201 486 370 573 Ἐπάνειμι
389 485 490 552 πάλιν
509 473 560 551 ἔπλ
579 481 640 570 τὴν
659 483 817 572 ἤπειρον,
837 479 921 549 ὅθεν
936 478 1169 567 ἐξετραπόμην.
1202 481 1253 545 83.
1274 473 1352 542 Ἀπὸ

206 593 242 660 δέ
262 595 389 679 Καρίας
409 597 517 660 Λυκία
541 591 631 657 ἐστὶν
655 595 768 676 ἔθνος,
790 591 845 656 καὶ
868 586 982 666 πόλεις
1002 590 1139 664 Λυκίοις
1162 587 1248 650 α’ίδε·
1276 590 1352 650 Τελ-

204 698 321 787 μισσὸς
343 699 399 766 καὶ
423 697 542 783 λιμήν,
564 697 620 764 καὶ
642 695 789 782 ποταμὸς
811 693 963 779 Ξάνθος,
987 691 1032 761 δι’
1059 683 1100 761 οῦ
1118 690 1289 768 ἀνάπλους
1308 695 1354 768 είς

203 806 343 882 Ξάνθον
367 805 514 892 πόλινῙ),
542 802 681 890 Πάταρα
703 803 814 888 πόλις,
843 798 863 888 ἣ
893 803 949 869 καὶ
972 802 1090 889 λιμένα
1120 804 1198 885 ἔχει·
1229 793 1355 874 Φελλδς

205 911 300 990 πόλις
322 911 377 978 καὶ
397 909 511 996 λιμήν·
534 949 569 959 -
591 907 673 977 κατά
695 913 798 977 ταῦτα
821 906 923 993 νῆσός
942 909 1009 974 ἔστι
1028 903 1168 974 Ῥοδίων
1188 909 1354 990 Μεγίστη·

208 1059 244 1067 —-
268 1023 402 1105 Λίμυρα
425 1017 537 1102 πόλις,
562 1021 608 1096 είς
631 1013 674 1103 ἣν
694 1013 712 1083 δ
732 1013 904 1094 άνάπλους
921 1010 1003 1080 κατά
1022 1011 1081 1081 τὸν
1100 1011 1262 1100 ποταμόν,
1286 1007 1355 1078 εἶτα

205 1125 367 1214 Γαναίαέ)
386 1123 497 1209 πόλις,
517 1122 586 1190 εἶτα
606 1121 799 1190 Χελιδόνιαι
817 1162 854 1172 -
871 1117 1081 1208 ἀκρωτήριον
1099 1121 1154 1187 καὶ
1173 1123 1273 1206 νῆσοι
1293 1117 1355 1185 δόο

209 1273 264 1316 -,
287 1232 342 1298 καὶ
368 1227 554 1306 Διονυσιάς
582 1232 700 1314 νῆσος,
729 1226 938 1318 ἀκρωτήριον
965 1228 1021 1294 καὶ
1049 1225 1149 1314 λιμὴν
1178 1229 1358 1312 Σιδηροῦς.

204 1335 303 1424 Ὑπὲρ
319 1336 355 1402 δέ
369 1334 492 1403 τοῦτον
507 1335 596 1402 ἔστὶν
612 1333 704 1420 ἱερὸν
715 1332 900 1422 Ἡφαίστου
915 1337 951 1401 ἔν
965 1338 1010 1425 τῷ
1031 1333 1101 1423 όρει
1115 1333 1170 1401 καλ
1189 1337 1255 1419 πῦρ
1271 1329 1372 1398 πολῦ

208 1439 397 1530 αὐτόματον
422 1444 457 1510 ἔκ
479 1443 537 1529 τῆς
559 1446 619 1528 γῆς
641 1447 767 1510 καίεται
790 1444 846 1510 καλ
871 1440 1029 1510 οὐδέποτε
1054 1443 1243 1528 σβέννυται.
1288 1439 1355 1506 Καὶ

207 1547 266 1617 ἐάν
289 1549 460 1638 προέλθῃς
483 1549 566 1639 ἔπὶέ)
590 1548 758 1635 θαλάττης
781 1548 967 1636 ἀνώτερον,
997 1553 1065 1616 ἔστι
1091 1549 1239 1634 Φασηλλς
1261 1544 1358 1624 πόλις
1429 1565 1431 1570 ·

205 1657 260 1723 καὶ
279 1656 382 1744 λιμήν
401 1697 437 1706 -
461 1661 551 1724 ἔστιν
571 1657 752 1743 ἔνταῦθαέ)
771 1655 950 1733 κόλπος-
966 1653 1172 1741 καλ-Ἵδυρος
1189 1653 1284 1731 πόλις
1302 1654 1356 1718 καλ

205 1767 322 1848 νῆσος,
357 1761 594 1849 Λυρνάτεια5),
620 1758 746 1845 Ὀλβία,
779 1760 943 1846 Μάγνδος
970 1762 1025 1827 καὶ
1053 1759 1199 1847 ποταμὸς
1227 1761 1357 1845 Καταρ-

155 1849 171 1867 “
208 1867 345 1954 ῥάκτης,
365 1869 480 1952 Πέρνη
499 1865 625 1951 πόλιςῧ)
644 1867 699 1933 καλ
719 1865 811 1953 ἱερὸν
828 1865 1023 1954 Ἀρτέμιδος.
1061 1865 1179 1945 Εῦθῦς
1198 1865 1236 1933 δέ
1253 1864 1357 1951 παρά-

208 1982 312 2052 πλους
340 1975 430 2040 ἐστὶν
459 1978 585 2051 Λυκίας
612 1971 676 2040 άπὸ
705 1980 834 2059 Καρίας
866 1971 989 2060 ἡμέρας
1020 1975 1075 2040 καὶ
1104 1962 1239 2059 νυκτός,
1273 1970 1290 2040 ὁ
1321 1971 1358 2038 cll

208 2079 297 2169 παρά
316 2083 381 2166 γῆν
400 2079 575 2160 διπλάσιος
596 2079 732 2148 τοῦτον·
757 2087 825 2148 ἔστι
849 2077 912 2166 γάρ
934 2079 1150 2168 κολπώδηςέ).
1178 2084 1239 2146 84.
1262 2077 1358 2146 Μετὰ

210 2188 247 2254 δὲ
264 2193 402 2254 Λυκίαν
425 2187 493 2254 ἐστὶ
517 2193 704 2274 Παμφυλία
728 2171 854 2273 ἔθνος,Ι
873 2187 927 2254 καὶ
955 2186 1068 2266 πόλεις
1096 2189 1132 2254 ἔν
1161 2183 1244 2272 αὐτῇ
1270 2187 1358 2250 αἵδε·

199 2293 387 2372 ’Ἀσπενδος
409 2292 507 2371 πόλις
532 2333 568 2342 -
596 2298 643 2372 είς
665 2293 790 2379 ταύτην
814 2291 831 2361 ὁ
856 2291 1026 2372 ἀνάπλους
1059 2296 1064 2378 l
1097 2297 1246 2378 γίγνεται
1275 2289 1357 2358 κατά
1375 2303 1408 2350 40
1423 2298 1456 2352 Η.

209 2400 376 2488 ποταμόν,
401 2397 418 2466 ὁ
440 2399 477 2466 δέ
495 2399 642 2486 ποταμός
662 2403 752 2467 ἔστιν
767 2397 976 2487 Εὐρυμέδων
994 2441 1045 2486 -,
1069 2398 1138 2467 εἶτα
1161 2396 1257 2478 πόλις
1271 2397 1359 2465 Σῦλ-
1535 2391 1538 2400 ¹

209 2514 312 2592 λειον,
335 2504 419 2591 άλλη
438 2502 534 2584 πόλις
553 2509 652 2590 Σίδη,
677 2511 841 2592 Κυμαίων
860 2503 1005 2591 άποικία,
1024 2506 1079 2572 καλ
1099 2504 1209 2591 λιμήν.
1245 2503 1360 2590 Παρά-

209 2622 313 2692 πλους
340 2616 544 2698 Παμφυλίας
571 2609 636 2679 άπὸ
665 2613 799 2698 Πέργης
825 2610 929 2698 ἥμισυ
956 2609 1087 2699 ἡμέρας.
1134 2611 1211 2678 Είσλ
1241 2611 1277 2678 δὲ
1305 2610 1359 2677 καὶ

209 2719 306 2788 άλλαι
326 2719 439 2798 πόλεις
457 2723 669 2805 Παμφυλίας,
688 2717 833 2806 Κιβόρα,
853 2717 922 2786 εἶτα
942 2717 1164 2807 Κορακήσιον.
1193 2720 1245 2785 85.
1267 2714 1359 2784 Μετά

211 2827 247 2894 δὲ
267 2831 475 2911 Παμφυλίαν
495 2830 630 2891 Κιλικία
654 2825 744 2892 ἐστὶν
769 2830 885 2908 ἔθνος,
908 2825 962 2891 καὶ
981 2822 1094 2903 πόλεις
1113 2827 1149 2892 ἐν
1169 2822 1252 2912 αὐτῇ
1271 2826 1360 2890 αἵδε·

182 2925 186 2934 ’
211 2935 387 3015 Σελινοῦς,
407 2933 606 3017 Χαραδροῦς
628 2929 724 3009 πόλις
745 2930 800 2997 καὶ
823 2929 935 3018 λιμήν,
957 2928 1174 3018 Ἀνεμοῦριον
1198 2929 1282 3018 άκρα
1305 2930 1360 2996 καὶ

212 3037 317 3122 πόλις,
341 3033 493 3121 Νάνιδος
515 3036 622 3122 πόλις,
644 3033 707 3126 ἣὸ)
722 3038 777 3104 καὶ
801 3041 907 3121 νῆσον
932 3043 1005 3123 ἔχει.
1043 3037 1137 3123 Πρὸς
1156 3036 1193 3103 δὲ
1211 3034 1272 3122 τὴν
1294 3043 1360 3120 Κη-

210 3142 304 3230 τὸνέ)
329 3143 446 3229 λιμένα
465 3145 666 3210 Ποσείδειον
675 3143 724 3230 ¹⁰),
740 3143 866 3227 Σάλον,
889 3148 1022 3228 Μυοῦς,
1044 3144 1243 3229 Κελένδερις
1265 3140 1362 3219 πόλις

212 3249 267 3316 καὶ
286 3246 387 3335 λιμὴν
403 3245 619 3334 Ἀφροδισιάς
636 3249 691 3315 καὶ
710 3247 1082 3338 λιμὴν’ἔτερος,“ολμοι
1100 3247 1196 3328 πόλις
1208 3245 1363 3333 Ἑλληνὶς

212 3357 330 3443 λιμένα
346 3356 526 3443 ἔχουσαΠ),
546 3353 738 3444 Σαρπηδὼν
755 3355 852 3436 πόλις
871 3361 991 3444 ἔρημος
1009 3357 1065 3424 καὶ
1083 3355 1240 3444 ποταμός,
1256 3354 1364 3422 Σόλοι

286 3555 312 3620 1)
332 3547 426 3610 Ξάνθ.
445 3546 507 3603 πάλ.
527 3549 582 3620 adj.
602 3551 759 3607 rectissime
778 3552 808 3608 C.
818 3553 981 3622 Muellerus,
1002 3554 1099 3624 quiin
1117 3553 1209 3608 verbis
1228 3551 1361 3623 proximis

215 3638 295 3702 πόλις
313 3657 364 3709 pro
382 3635 465 3692 πόλιν
485 3638 595 3707 scripsit
610 3642 717 3695 stante
736 3641 786 3695 καὶ
804 3645 858 3712 λιμ.
877 3643 1026 3697 relativum
1045 3643 1147 3713 posuit.
1163 3673 1196 3682 -
1212 3645 1240 3710 2)
1258 3641 1361 3710 λιγαία,

216 3747 268 3784 em.
286 3726 410 3784 Vossius.
435 3759 466 3766 -
492 3730 520 3797 3)
538 3723 609 3797 άπὸ,
628 3747 687 3784 οφ.
711 3730 836 3786 Bursian.
861 3763 894 3770 —
919 3735 946 3801 4)
966 3730 1074 3787 ἔστιδὲ
1094 3733 1178 3786 τοῦτο
1197 3727 1308 3792 κόλπος.
1328 3759 1362 3768 -

219 3819 245 3885 5)
265 3821 356 3887 πολις,
374 3817 459 3884 νῆσος
477 3812 642 3887 λνρνάτεια,
657 3835 708 3873 em.
728 3820 855 3876 Bursian.
876 3849 908 3860 —-
929 3824 956 3889 6)
975 3823 1152 3889 πελπίιτολις,
1171 3838 1223 3874 em.
1244 3819 1361 3873 Salmas.

217 3935 252 3945 -
272 3911 298 3974 7)
323 3901 460 3960 ἐντεῦθεν
479 3901 644 3975 παράπλους
663 3904 739 3962 ἔστιν
758 3903 815 3962 άπὸ
840 3911 937 3971 λνκίας
964 3905 1071 3979 ἡμέρας
1094 3910 1143 3963 καὶ
1166 3905 1281 3972 νυκτός·
1306 3906 1363 3962 ἔστι

218 3991 273 4064 γάρ
297 3987 450 4063 κολπώδης.
479 3992 546 4050 bes
565 3993 643 4066 παρὰ
662 3997 716 4066 γῆν
739 3991 885 4059 διπλάσιος
907 3993 1017 4052 τοῦτον.
1056 3999 1084 4052 C.
1103 3999 1255 4054 Muellerus
1273 3997 1364 4067 primu

129 4133 132 4138 .
216 4085 302 4139 verba
312 4084 352 4138 sic
367 4083 490 4154 scripsit:
508 4079 570 4138 Ἐπ’
587 4080 704 4148 εῦθείας
719 4085 751 4140 δὲ
766 4081 898 4155 παράπλ,
918 4089 1011 4141 cetera
1024 4089 1056 4140 ul
1069 4089 1097 4142 in
1113 4087 1208 4142 codice
1223 4087 1364 4156 leguntur.

217 4159 369 4228 Bursierius
387 4172 500 4227 meluit:
527 4169 685 4228 Ἐνταυθοῖ
701 4170 866 4243 παράπλους
886 4171 960 4229 ἔστὶν
984 4171 1041 4230 άπὸ
1061 4179 1167 4238 Λυκίας
1190 4171 1297 4246 ἡμέρας
1315 4173 1364 4228 καὶ

216 4257 325 4323 νυκτός.
347 4291 379 4300 -
399 4263 426 4328 8)
446 4253 464 4328 ἣ
483 4261 593 4316 addidit
612 4261 640 4317 C.
659 4262 783 4318 Mueller.
805 4295 837 4302 —-
857 4267 884 4332 9)
904 4259 1001 4332 σιμόν,
1021 4282 1073 4322 em.
1092 4266 1174 4319 idem.
1195 4294 1229 4303 -
1250 4266 1293 4332 10)
1312 4281 1361 4316 πο-

218 4350 370 4420 σειθέριον,
390 4368 442 4405 em.
459 4350 575 4406 Salmas.
596 4381 629 4389 -
650 4352 693 4420 11)
713 4346 868 4421 ἀπέχουσα,
888 4370 941 4408 em.
961 4351 989 4407 O.
1012 4353 1106 4410 Muell.
