3256 5102
731 305 946 368 „10-

261 457 322 527 τὸν
343 457 488 546 Ἀδρίαν.
526 459 729 546 Παράπλονς
751 465 810 547 τῆς
828 466 1033 542 Σαυνίτιδος
1055 463 1164 551 χῶρας
1185 469 1320 550 ημερῶν
1343 465 1407 533 δύο

187 574 242 628 εΗ.
261 567 316 633 καί
339 566 468 646 νυκτός.
516 570 566 633 17.
586 574 591 647 1
612 564 707 635 Μετὰ
731 567 768 634 δὲ
791 574 961 648 Σαυνίτας
989 575 1091 649 ἔθνος
1118 571 1209 638 ἐστίν
1228 568 1408 659 Ὀμβρικοί,

247 672 317 740 καὶ
339 672 436 752 πόλις
465 675 502 740 ἐν
533 671 622 764 αὐτῷ
630 674 655 760 1)
681 661 807 759 Ἀγκῶν
830 676 907 742 ἐστί.
948 679 1054 743 Τοῦτο
1079 676 1117 744 δὲ
1142 675 1180 744 τὸ
1206 682 1307 758 ἔθνος
1329 683 1407 768 τιμᾷ

263 778 457 866 Διομήδην,
484 778 705 867 εὐεργετηθὲν
733 777 790 848 ὑπ’
820 779 937 849 αὐτοῦ·
968 783 1023 850 καί
1052 782 1145 869 ίερόν
1173 786 1264 852 ἐστιν
1292 783 1406 853 αὐτοῦ.

262 883 467 972 Παράπλονς
491 885 527 954 δὲ
554 889 613 973 της
633 883 809 976 Ὀμβρικῆς
837 889 928 956 ἐστὶν
955 885 1090 977 ἡμερῶν
1113 889 1177 958 δόο
1199 891 1255 958 καὶ
1278 891 1407 971 νυκτός.

262 996 314 1059 -18,
338 990 434 1060 Μετὰ
457 992 494 1060 δὲ
516 991 554 1061 τὸ
575 991 752 1080 Ὀμβρικὸν
771 996 949 1082 Τυρρηνοί.
992 994 1160 1082 Λιήκουσι
1175 996 1212 1065 δὲ
1234 999 1290 1065 καὶ
1314 990 1406 1067 οὗτοι

261 1094 326 1166 άπὸ
350 1103 411 1166 τοῦ
439 1102 650 1186 Τυρρηνικοῦ
672 1099 838 1186 πελάγους
865 1103 992 1182 ἔξωθεν
1019 1107 1067 1182 είς
1093 1100 1153 1171 τὸν
1174 1100 1323 1191 Ἀδρίαν·
1350 1107 1406 1173 καὶ

261 1203 357 1284 πόλις
378 1205 415 1272 ἐν
433 1204 579 1293 αὐτοῖςῗ)
594 1204 748 1294 Ἑλληνίς
762 1208 907 1298 arleff)
921 1209 977 1275 καί
991 1208 1150 1296 ποταμός·
1167 1211 1222 1278 καὶ
1236 1208 1407 1292 άνάπλους

261 1315 309 1390 είς
330 1309 392 1398 τὴν
415 1311 514 1380 πόλιν
541 1311 624 1381 κατὰ
645 1311 797 1402 ποταμὸν
821 1312 866 1395 ῶς
892 1324 997 1383 είκοσι
1024 1319 1180 1384 σταδίων.
1219 1325 1291 1387 Καί
1315 1322 1406 1388 ἐστιν

262 1415 312 1485 ἐπ’
347 1416 449 1504 αὐτῆς
486 1417 549 1486 άπὸ
588 1426 698 1507 Πίσης
728 1421 856 1500 πόλεως
886 1418 966 1501 ὁδὸς
997 1418 1133 1510 ἡμερῶν
1164 1427 1309 1513 τριῶν4).
1358 1429 1406 1492 19.

264 1523 358 1591 Μετὰ
386 1524 423 1592 δὲ
451 1527 646 1614 Τυρρηνούς
673 1533 738 1595 είσι
769 1529 887 1596 Κελτοὶ
916 1535 1033 1614 ἔθνος,
1060 1527 1322 1619 ἀπολειφθέντες
1347 1535 1406 1617 τῆς

262 1638 447 1718 στρατείας,
480 1635 532 1701 ἐπὶ
563 1639 690 1703 στενῶν
718 1637 814 1722 μέχρι
841 1633 976 1722 Ἀδρίου
1006 1636 1224 1728 διήκοντεςῧ)
1256 1641 1405 1706 ἐνταῦθα

211 1775 216 1780 -
262 1736 294 1803 δ’
320 1739 410 1806 ἐστὶν
433 1737 452 1807 ό
476 1737 580 1840 μυχὸς
596 1744 658 1808 τοῦ
678 1737 813 1826 Ἀδρίου
834 1741 971 1811 κόλπον.
1017 1748 1069 1812 20.
1092 1741 1187 1813 Μετὰ
1207 1744 1248 1813 δὲ
1258 1744 1406 1825 Κελτοὺς

255 1843 388 1914 ‘Monoi'
407 1851 494 1916 εἰσιν
518 1853 621 1926 ἔθνος
642 1849 698 1914 καὶ
711 1847 858 1934 ποταμὸς
877 1845 1056 1936 Ἠριδανὸς
1070 1854 1106 1919 ἐν
1121 1848 1244 1932 αὐτοῖς.
1276 1851 1404 1922 Ἐντεῦ-

260 1961 325 2019 θεν
349 1953 387 2020 δὲ
408 1953 603 2040 παράπλους
628 1955 751 2042 grew)
774 1951 898 2041 ἡμέρας
927 1959 1012 2043 μιᾶς.
1057 1961 1110 2025 21.
1133 1957 1229 2027 Μετὰ
1253 1959 1291 2026 δὲ
1314 1957 1404 2027 Ἑνε-

260 2058 339 2139 τοός
370 2064 456 2127 είσιν
479 2057 605 2146 ’Ίστροι
641 2061 789 2149 ἔθνοςῖ),
820 2063 875 2128 καὶ
904 2061 1051 2149 ποταμδς
1068 2062 1207 2149 Ἴστρος,
1249 2056 1357 2144 Οὗτος
1386 2063 1405 2133 ό

187 2177 241 2232 λΗ,
260 2164 407 2252 ποταμὸς
426 2174 431 2248 Ι
451 2167 507 2234 καί
530 2172 577 2246 είς
599 2166 659 2235 τὸν
683 2169 820 2236 Πόντον
843 2169 994 2254 ἐκβάλλει
1017 2172 1055 2237 ἐν
1079 2174 1236 2258 διασκευῇ
1257 2168 1301 2250 ῶς
1326 2173 1405 2259 είςῧ)

262 2282 443 2360 Αἴγυπτον.
484 2272 698 2361 Παράπλονς·
713 2274 750 2342 δὲ
777 2279 836 2362 τῆς
855 2272 1051 2363 Ἰστριανῶν
1072 2275 1181 2364 χώρας
1203 2275 1327 2366 ἡμέρας
1349 2280 1405 2346 καὶ

260 2381 388 2460 νυκτός.
434 2386 486 2448 22.
509 2382 605 2449 Μετὰ
628 2380 662 2448 δ’
677 2380 831 2468 Ἴστρους
845 2389 1016 2470 Λιβυρνοί
1034 2389 1121 2452 είσιν
1144 2389 1254 2464 ἔθνος.
1287 2381 1344 2451 Ἐν
1367 2383 1404 2451 δὲ

260 2487 367 2579 τούτῳ
389 2491 435 2578 τῷ
460 2492 552 2554 ἔθνει
576 2486 690 2566 πόλεις
712 2488 777 2554 εἰσὶ
804 2485 894 2573 παρὰ
909 2488 1121 2578 ,θάλαττανῆ
1144 2494 1231 2559 αἵδε·
1253 2489 1405 2575 Ἴδασσα,

258 2592 468 2680 Ἀττιενίτης,
493 2593 648 2680 Δνόρτα,
666 2591 840 2678 Ἀλονψοί,
861 2593 1031 2682 Ὀλσοίω),
1059 2599 1224 2680 Πεδῆται,
1243 2593 1405 2681 Ἡμίονοι.

262 2693 365 2769 Οὗτοι
387 2703 743 2786 γυναικοκρατοῶνται·
766 2704 825 2766 καί
844 2703 931 2766 εἰσιν
945 2701 983 2766 ac
993 2713 1148 2784 γυναῖκες
1162 2698 1299 2789 ἀνδρῶν
1314 2703 1404 2770 ἐλευ-

261 2809 390 2895 θέρων,
413 2812 589 2894 μίσγονται
613 2805 650 2872 δὲ
664 2805 764 2890 notu)
786 2820 857 2886 τοῖς
876 2806 1004 2874 ἑαυτῶν
1024 2805 1159 2886 δούλοις
1172 2808 1227 2874 καὶ
1240 2821 1311 2888 τοῖς
1324 2815 1404 2894 πλη-

261 2912 438 3000 σιοχῶροις
460 2910 614 2999 ἀνδράσι.
652 2909 747 2978 Κατὰ
765 2910 889 2995 ταότην
902 2908 964 2996 τὴν
978 2909 1091 3008 χῶραν
1105 2915 1179 2979 αἵδε
1192 2916 1296 3000 νῆσοί
1306 2918 1404 3000 εἰσιν,

261 3184 335 3235 ματα
354 3159 436 3218 τάδε·
455 3160 595 3230 λατέρνιοι
611 3159 746 3232 [Bursian.
762 3158 843 3214 malit
856 3157 1041 3230 Κλιτέρειοι],
1059 3153 1167 3228 terunt,
1186 3156 1340 3231 κραμόνες,
1360 3164 1377 3233 β
1394 3193 1404 3203 -

260 3259 411 3320 ρεοντῑνοι,
434 3256 605 3317 πευκετιεῖς,
629 3249 704 3318 quod
726 3249 868 3318 glossema
890 3265 950 3303 esse
968 3251 1044 3304 reete
1061 3248 1135 3304 vidit
1158 3249 1188 3304 O.
1207 3251 1302 3306 Muell.
1322 3282 1355 3292 -
1378 3253 1404 3321 l)

261 3337 347 3414 αὐτῇ,
366 3341 449 3410 quod.
470 3339 499 3394 C.
513 3338 609 3393 Muell
627 3337 752 3394 retinuit.
771 3371 803 3378 -
824 3340 851 3406 2)
869 3333 956 3410 αὐτῇ,
975 3339 1050 3407 quod
1068 3339 1097 3394 C.
1117 3337 1212 3394 Muell.
1231 3339 1354 3393 retinuit.
1370 3371 1403 3379 -

261 3433 289 3498 3)
308 3431 404 3482 Σκῑνα
423 3426 537 3482 omittit.
557 3458 590 3466 ·-
609 3429 637 3496 4)
656 3426 704 3481 καλ
722 3430 857 3497 τυρρηνία
883 3423 959 3482 ἐστὶν
977 3421 1116 3494 διήκουσα
1139 3421 1197 3481 άπδ
1224 3427 1270 3495 τῆς
1294 3425 1404 3492 ἔξωθεν

260 3513 404 3586 θαλάττης
424 3515 476 3578 ἕως
495 3514 536 3578 είς
552 3511 603 3570 τὸν
621 3511 724 3584 άδρίαν
747 3512 866 3571 κόλπον·
893 3510 950 3570 άπό
975 3509 1085 3569 πόλεων
1109 3511 1228 3577 πόλεως·
1254 3515 1303 3570 καλ
1328 3514 1403 3570 ἔστιν

261 3602 329 3668 ὁδὸς
346 3602 394 3675 ἡμ.
413 3627 467 3675 τρ.,
491 3605 599 3659 emend.
618 3605 646 3660 0.
666 3605 791 3660 Mueller.
813 3637 842 3645 -
863 3607 891 3674 5)
910 3600 984 3674 διήκ.
1005 3621 1020 3659 e
1042 3605 1206 3674 glossatoris
1228 3606 1322 3660 verbis
1340 3606 1403 3660 reti-

260 3695 323 3749 nuit
342 3695 371 3750 O.
385 3694 510 3749 Mueller.
527 3725 560 3734 -
576 3698 604 3764 6)
622 3694 669 3748 hio
687 3695 747 3750 eod.
764 3687 811 3748 ἐπ’
831 3689 920 3763 αάτὴς
934 3688 991 3756 άπὸ
1007 3696 1089 3762 πίνης
1102 3689 1210 3756 πόλεως
1224 3694 1311 3762 addit,
1330 3710 1403 3763 quse

261 3783 290 3838 C.
314 3783 440 3839 Mueller.
463 3799 547 3852 supra
569 3783 672 3853 posuit.
698 3815 728 3822 -
754 3784 781 3852 7)
805 3781 891 3845 ἔθνος
913 3785 1009 3851 ἴστροι.
1035 3813 1066 3821 -
1087 3787 1114 3848 8)
1133 3778 1340 3844 ἔνδιασκεννῶς
1363 3781 1404 3844 είς

261 3874 318 3941 aly.
345 3871 451 3926 emend
479 3871 607 3928 Clausen.
634 3875 761 3927 vertens:
788 3873 818 3925 in
845 3871 997 3927 directione
1024 3871 1155 3926 adversus
1180 3871 1347 3940 Aegyptum.
1375 3871 1404 3926 C.

261 3961 384 4016 Mueller.
401 3961 505 4016 codicis
519 3961 685 4030 scripturam
699 3960 822 4016 retinens
834 3959 864 4014 in
875 3960 983 4014 Latinis
992 3960 1090 4014 hebet:
1105 3963 1234 4029 spectans
1244 3962 1403 4030 Aegyptum

260 4068 364 4106 versus.
385 4081 416 4090 —
437 4053 464 4118 9)
482 4046 642 4104 θάλατταν·
661 4047 735 4118 λιάς,
754 4067 807 4103 em.
827 4047 899 4104 Goil.
919 4049 980 4103 Pro.
996 4043 1058 4120 ’ίδ.,
1076 4055 1137 4104 Aes.
1157 4048 1314 4104 Gronovius
1328 4053 1402 4100 Δαο-

261 4138 375 4207 σάτικα,
395 4141 513 4208 Σενίτης
531 4139 659 4210 eonjecit.
673 4170 708 4178 -
724 4142 768 4206 10)
783 4138 837 4190 Pro
849 4131 952 4206 Ὀλσοί,
971 4139 1112 4208 Πεδήται,
1123 4134 1249 4207 Ἡμίοκοι
1263 4136 1293 4190 0.
1306 4134 1402 4188 Muell.

261 4231 362 4285 moluit
376 4224 574 4297 Ὀρτοπελῆται
588 4228 646 4296 (vel
661 4222 883 4296 Ὀλσοπελῆται),
898 4221 1015 4295 Ἡγῖτοι,
1031 4259 1058 4268 -
1079 4231 1124 4294 11)
1142 4226 1195 4279 καί
1208 4225 1284 4277 reete
1298 4222 1403 4293 sdjeoit

261 4319 290 4373 C.
309 4318 404 4374 MuelL
738 4345 741 4353 ν
