3256 5102
725 318 940 380 ...12-

260 479 401 567 καθρκει
434 477 486 546 ἐπὶ
513 473 577 550 ,τὸν
610 469 761 561 Νάρωνα
792 473 954 562 ποταμόν.
992 471 1068 542 Ἀπὸ
1103 473 1140 542 δὲ
1170 479 1229 561 τῆς
1258 481 1406 562 Μελίτης

260 585 373 674 ἀπέχει
396 587 515 653 στάδια
539 581 792 671 ὀγδοήκοντα)
819 585 878 668 τῆς
908 580 946 648 δὲ
975 587 1138 668 παραλίας
1161 581 1270 669 χώρας
1292 581 1405 670 ἀπέχει

185 697 241 752 9H.
261 692 381 762 στάδια
405 691 500 760 ὀκτω.
520 693 525 777 l
546 693 598 759 25.
617 687 695 757 Ἀπὸ
711 687 748 756 δὲ
763 693 939 756 Νεοταίων
954 689 1044 756 ἐστὶν
1070 685 1231 775 ὁΝάρων
1244 691 1405 778 ποταμός·

261 797 279 867 ὁ
306 797 337 865 d'
364 806 520 878 εἴσπλους
542 795 560 865 ὁ
585 801 632 876 είς
653 793 745 884 τὸνῖ)
773 794 919 882 Νάρωνά
944 797 1034 862 ἐστιν
1059 793 1100 862 οῦ
1124 795 1252 876 στενός·
1281 803 1408 867 εἰσπλεῖ

201 953 204 957 -
261 906 292 974 d’
327 911 374 988 είς
405 904 509 975 αὐτὸν
536 906 590 972 καὶ
618 903 756 991 τριήρης
786 905 849 970 καὶ·
871 911 972 970 πλοῖα
999 908 1046 982 είς
1072 901 1109 972 τὸ
1137 901 1208 972 άνω
1232 904 1405 993 ἐμπόριον,

259 1011 383 1102 ἀπέχον
416 1011 480 1081 ἀπὸ
512 1011 680 1098 θαλάττης
712 1009 830 1078 στάδια
863 1009 1078 1097 ὀγδοήκοντα.
1121 1002 1224 1078 Οὗτοι
1252 1011 1285 1079 d’
1320 1015 1405 1080 εἰσὶν

257 1119 461 1208 Ἰλλυριῦνθ)
486 1125 602 1203 ἔθνος,
626 1121 766 1185 Μανιοί.
804 1123 916 1204 Λίμνη
941 1113 972 1183 d'
1003 1117 1070 1206 ἐστὶ
1093 1114 1130 1186 τὸ
1159 1127 1237 1186 είσω
1265 1124 1326 1188 τοῦ
1350 1123 1404 1208 έμ-

259 1233 380 1316 πορίου
408 1225 549 1315 μεγάλη,
577 1227 632 1292 καὶ
660 1223 776 1312 ἀνήκει
805 1222 825 1311 ἡ
849 1230 950 1312 λίμνη
978 1229 1034 1304 είς·
1049 1222 1274 1312 Αὐταριάτας,
1303 1233 1406 1308 ἔθνος

257 1331 457 1421 Ἰλλυρικόν·
479 1335 535 1402 καὶ
558 1338 661 1420 νῆσος
685 1335 721 1400 έν
736 1337 776 1421 τῇ
790 1338 890 1421 λίμνη
906 1337 1011 1400 ἔνεστι
1027 1336 1173 1401 σταδίων
1189 1333 1306 1402 ἑκατὸν
1320 1344 1405 1403 εῖκο-

260 1461 325 1510 σιν.
356 1438 402 1509 Ἡ
420 1441 458 1509 δὲ
480 1446 584 1528 νῆσος
601 1439 685 1526 αῦτη
705 1441 796 1507 ἐστὶν
810 1438 995 1525 εὐγέωργος
1008 1439 1150 1527 σφόδρα.
1184 1437 1262 1509 Ἀπὸ
1278 1442 1315 1508 δὲ
1328 1442 1406 1511 παῦ’

259 1574 317 1634 της
339 1551 397 1635 τῆς
419 1553 538 1634 λίμνης
562 1543 723 1633 ὁΝάρων
742 1543 888 1633 ποταμὸς
910 1544 1058 1634 ἀπορρεῖ.
1096 1549 1163 1615 Καὶ
1178 1544 1243 1615 άπὸ
1258 1553 1319 1616 τοῦ
1335 1549 1404 1616 Νά-

259 1681 369 1742 ρωυος
392 1655 444 1722 ἐπὶ
462 1652 523 1722 τὸν
543 1653 684 1742 Ἀρίωνα
708 1651 857 1740 ποταμὸν
880 1649 1005 1740 ἡμέρας
1028 1656 1096 1722 ἐστὶ
1118 1659 1231 1734 πλοῦς.
1265 1653 1343 1723 Ἀπὸ
1367 1657 1405 1724 δὲ

258 1767 320 1831 τοῦ
345 1760 506 1849 Ἀρίωνος
532 1765 684 1848 ποταμοῦ
717 1761 769 1827 ἐπὶ
799 1757 859 1827 τὸν
884 1756 1054 1841 Ῥιζοῦντα
1085 1759 1268 1849 ποταμὸν4)
1300 1769 1405 1844 πλοῦς

259 1867 384 1957 ἡμέρας
406 1867 518 1956 ἥμισυ.
557 1867 624 1936 Καὶ
648 1866 791 1954 Κάδμου
813 1867 868 1934 καὶ
887 1863 1066 1954 Ἀρμουίας
1089 1871 1124 1934 ολ
1138 1875 1237 1936 ’λίθοι
1252 1871 1370 1939 είοὶνέ
1392 1915 1406 1923 -

259 1980 371 2045 ταῦθα
384 1975 440 2042 καὶ
455 1971 547 2060 ίερὸυ
563 1971 655 2062 adu)
669 1972 808 2040 ἀπωθεν
822 1977 883 2040 τοῦ
902 1970 1118 2064 Ῥιζοῦντοςθ)
1134 1981 1293 2063 ποταμοῦ.
1328 1975 1404 2045 Ἀπὸ

260 2082 298 2150 δὲ
315 2086 376 2150 τοῦ
390 2078 576 2162 Ῥιζοῦντος
589 2084 740 2167 ποταμοῦ
759 2084 806 2159 είς
820 2079 983 2164 Βουθόην
998 2077 1016 2148 ὁ
1030 2086 1135 2160 πλοῦς
1152 2079 1276 2169 ἡμέρας
1293 2081 1404 2170 ἥμισυ.

261 2195 312 2257 26.
335 2186 451 2276 aisa)
478 2185 650 2273 Ἰλλυριῶν
674 2190 777 2265 ἔθνος
799 2187 885 2252 είοὶν
915 2190 949 2253 οί
967 2184 1142 2272 Ἐἠιχελεῖς,
1171 2186 1322 2273 ἐχόμενοι
1345 2193 1405 2254 τοῦ

254 2295 449 2379 Ῥιζοῦντος.
483 2292 538 2362 Ἐκ
552 2292 711 2379 Βουθόης
730 2291 760 2359 d'
787 2297 834 2372 εἰς
854 2291 1073 2379 Ἐπίδαμνον,
1095 2293 1195 2362 πόλιν
1214 2291 1404 2380 Ἑλληνίδα,

169 2413 240 2468 1οΗ.
259 2407 363 2482 πλοῦς
385 2400 509 2488 ἡμέρας
531 2402 586 2468 καὶ
609 2399 745 2485 νυκτὸς,
770 2397 849 2479 ὁδὸς
873 2399 910 2467 δὲ
932 2404 1035 2486 τριῦν
1054 2398 1196 2488 ἡμερῶν.
1216 2408 1220 2482 Ι
1242 2406 1293 2469 27.
1319 2409 1404 2468 Ταυ-

259 2509 389 2578 λάντιοι
414 2506 444 2575 d’
471 2507 592 2595 είοὶνθ)
620 2503 657 2574 τὸ
683 2503 868 2592 Ἰλλυρικὸν
899 2511 1016 2590 ἔθνος,
1047 2508 1083 2574 ἐν
1108 2499 1133 2598 ᾦ
1163 2503 1406 2595 ἡἘπίῦαμνός

259 2621 341 2702 εὀτι,
367 2616 423 2683 καὶ
446 2613 593 2701 ποταμὸς
615 2611 704 2700 παρά
731 2612 794 2698 την
817 2611 917 2710 πόλιν
940 2615 1120 2698 παραρρεῖ,
1148 2605 1175 2703 ρ
1203 2611 1311 2699 ὄνομα
1334 2615 1404 2681 Πά-

201 2751 206 2760 ·
259 2733 393 2811 λαμνος.
427 2720 481 2790 Ἐκ
506 2719 537 2787 δ’
560 2719 766 2807 Ἐπιδάμνου
781 2723 828 2798 είς
842 2717 1083 2803 Ἀπολλωνίαν,
1105 2715 1404 2804 πόλινἛλληνίὸα,

260 2829 339 2910 ὁδὸς
361 2827 494 2918 ἡμερῶν
519 2827 590 2896 δύο.
621 2826 667 2894 Ἡ
686 2825 717 2893 d’
741 2824 947 2894 Ἀπολλωνία
961 2821 1026 2892 ἀπὸ
1040 2829 1098 2910 τῆς
1111 2823 1279 2912 θαλάττης
1292 2825 1405 2914 ἀπέχει

233 2937 379 3008 ’στάδια
406 2934 625 3022 πεντήκοντα,
654 2935 709 3000 καὶ
736 2929 883 3017 ποταμὸς
906 2939 991 3010 Αίας
1017 2933 1182 3019 παραρρεῖ
1205 2931 1267 3020 τὴν
1295 2933 1404 3003 πόλιν.

256 3043 334 3113 Ἀπὸ
359 3041 390 3110 d’
413 3039 637 3120 Ἀπολλωνίας
660 3044 707 3118 είς
726 3035 904 3124 Ἀμαντίαν
929 3039 998 3105 ἐστὶ
1021 3036 1140 3106 στάδια
1162 3039 1336 3127 τριακόόια
1349 3043 1405 3109 καὶ

260 3151 427 3236 είκοσιν9).
465 3147 559 3236 Πρὸς
583 3143 613 3214 d’
637 3145 856 3233 Ἀμαντίαςω)
880 3153 959 3212 είσω
983 3149 1112 3232 μᾶλλον
1135 3152 1183 3227 είς
1201 3143 1261 3214 τὸν
1281 3143 1404 3216 Ἰόνιον

257 3255 396 3346 Ὠρικός.
436 3256 546 3342 Tigu)
566 3253 712 3340 Ὠρικίας
725 3249 866 3339 καθήκει
885 3255 932 3331 είς
952 3251 1125 3322 θάλατταν
1145 3254 1263 3322 στάδια
1283 3253 1405 3342 ὀγδοή-

259 3389 376 3448 κοντα,
399 3366 458 3449 τῆς
480 3360 510 3428 δ’
535 3359 710 3447 Ἀμαντίας
732 3358 856 3428 στάδια
876 3358 1045 3446 ἑξήκοντα.
1072 3358 1262 3451 Ἀμασινῑῗ)
1286 3360 1404 3448 ὅμοροι

333 3631 358 3697 1)
377 3623 416 3698 κ’,
435 3646 487 3684 em.
507 3627 636 3698 Lapieus.
652 3659 684 3667 -
700 3629 728 3696 κ)
748 3626 855 3682 omittit
872 3622 930 3682 τόν.
947 3659 980 3668 -
995 3629 1023 3696 3)
1044 3625 1167 3696 ίλλύριοι.
1187 3661 1223 3668 -
1242 3633 1269 3699 4)
1290 3625 1336 3684 ἐπὶ
1355 3625 1405 3684 τὸν

257 3716 291 3773 Ῥ.
311 3737 371 3773 ποτ.
396 3717 505 3772 addidit
527 3717 556 3772 C.
580 3717 706 3771 Mueller.
731 3747 764 3756 -
788 3717 815 3784 5)
835 3710 887 3771 οῦκ
910 3717 965 3787 adj.
985 3717 1014 3773 G.
1037 3718 1131 3772 Muell.
1153 3749 1184 3758 -
1205 3721 1232 3787 6)
1255 3718 1302 3772 hic
1325 3720 1354 3772 ελ
1376 3718 1405 3772 in

260 3807 393 3877 proximis
407 3807 499 3862 verbis
513 3801 641 3876 άρίωνος,
656 3807 731 3876 quod
742 3806 770 3862 O.
781 3807 875 3861 Muell.
887 3824 939 3861 em.
950 3837 984 3846 -
996 3808 1022 3875 7)
1034 3805 1074 3868 εἰς
1083 3803 1211 3877 βονθόην
1226 3802 1241 3861 ὁ
1256 3807 1343 3870 πλοῦς
1356 3808 1406 3861 καὶ

260 3892 292 3950 τὸ
308 3891 452 3967 ἐμπόριον.
478 3891 624 3966 Ἐγχελεῖς.
650 3891 788 3964 Ἰλλυρίων
807 3925 840 3936 -
860 3895 954 3950 Verba
970 3889 1016 3964 ἡμ.
1036 3888 1083 3964 ἥμ.
1103 3895 1158 3965 adj.
1170 3895 1198 3952 C.
1209 3897 1304 3950 Muell.
1325 3929 1357 3936 —
1378 3899 1404 3966 8)
1454 3946 1456 3950 .

261 3983 376 4055 ίλλυριολ
395 3980 458 4040 κατ’
479 3980 577 4039 ἀντίον
595 3983 628 4040 δέ
648 3979 761 4052 ἔστιτὸ,
781 3984 888 4038 emend.
904 3984 1027 4039 Bursian.
1038 4015 1070 4023 -—
1086 3987 1114 4055 9)
1127 3985 1195 4039 Post
1206 3985 1333 4040 είιιοσιίυ
1343 3985 1403 4039 cod.
1452 4035 1459 4048 ,

260 4076 343 4130 haas:
372 4073 420 4129 καλ
439 4069 454 4128 d
475 4075 540 4136 αίας
558 4067 684 4142 ποταμὸς
702 4067 760 4126 ἀπὸ
780 4073 830 4126 τοῦ
845 4073 948 4126 πίνδον
967 4067 1051 4141 ὅρους
1065 4069 1142 4143 παρὰ
1157 4070 1209 4142 τὴν
1228 4069 1404 4128 άπυλλωνίαν

261 4170 413 4234 παραρρεῖ,
432 4164 481 4218 sed
496 4163 568 4218 Gail.
588 4165 618 4218 οῖ
633 4162 661 4219 Ο.
678 4163 772 4217 Muell.
788 4163 842 4217 hoo
859 4162 999 4232 glossema
1014 4163 1183 4218 deleverunt.
1201 4195 1232 4202 -
1249 4167 1291 4229 10)
1311 4155 1337 4214 δ’
1351 4167 1401 4230 Aa.

261 4254 315 4324 adj.
334 4253 363 4308 C.
383 4253 478 4307 Muell.
498 4284 530 4292 —
552 4257 596 4320 11)
615 4248 705 4306 ίόνιον
723 4251 774 4319 τῆς
792 4246 921 4322 άρικίας,
940 4269 992 4307 em.
1013 4252 1042 4307 C.
1057 4253 1151 4308 Muell.
1170 4282 1205 4291 —
1225 4252 1268 4317 12)
1287 4243 1404 4316 ἅπασιν,

262 4359 314 4396 em,
334 4342 459 4396 Bursian.
