3256 5102
697 326 912 388 ..20-

231 484 276 570 τῷ
303 459 432 570 Αίμαίω
457 478 591 564 πελάγει
620 480 684 546 είσὶ
707 485 807 567 νήσοι
836 483 921 547 αἴθε·
949 476 1020 546 κατ’
1053 477 1223 566 Ἐρετρίαυ
1247 485 1381 568 Σκῦρος

231 587 286 653 καὶ
317 587 427 670 πόλις,
461 584 544 664 Ἰκὸς
572 627 614 636 -
643 584 725 672 αὕτη
755 589 885 666 ὰίπολις
909 627 967 671 -,
995 584 1266 672 Πεπάρηθος-
1295 585 1379 673 αὕτη

234 698 384 774 τρίπολις
406 693 461 758 καὶ
485 691 587 779 λιμήν
611 733 665 777 -,
689 698 842 773 Σκίαθος
868 733 905 742 -
931 691 1015 777 αὕτη
1040 695 1170 770 ὰίπολις
1192 693 1247 759 καὶ
1271 695 1380 780 λιμήν.

232 797 327 868 Μετὰ
356 802 460 866 ταῦτα
488 798 639 886 ἐπάνειμι
667 799 768 867 πάλιν
797 801 848 867 ἐπὶ
877 798 939 886 τὴν
963 798 1114 886 ήπειρον,
1144 797 1229 867 ὅθεν
1253 801 1379 886 ἐξετρα-

231 906 353 993 πόμην.
400 910 451 973 59.
472 905 567 974 Μετὰ
593 905 623 972 δ’
647 905 792 993 Ἀθήνας
810 907 874 974 είσλ
890 907 1032 974 Βοιωτοὶ
1053 911 1168 985 ἔθνος,
1190 906 1380 993 καθήκουσι

231 1012 294 1100 γὰρ
318 1013 373 1080 καὶ
398 1005 491 1080 οὗτοι
516 1015 568 1081 ἐπὶ
591 1013 716 1099 ταύτην
739 1011 802 1099 τήν
824 1013 1004 1084 θάλατταν.
1041 1017 1112 1080 Καί
1128 1015 1218 1080 ἐστιν
1238 1015 1275 1080 ἐν
1294 1013 1380 1101 αὐτῇ

232 1123 365 1204 πρῷτον
395 1118 487 1207 ἱερὸν
512 1119 656 1205 Δήλιον·
690 1117 795 1199 Αὐλίς
822 1119 925 1208 ίερόν,
959 1118 1123 1207 Εὔριπος,
1151 1119 1379 1208 Σαλγανεὰςῑ)

232 1241 354 1312 τεῖχος,
375 1223 552 1312 Ἀνθηὰων
566 1241 685 1312 τεῖχος·
710 1231 826 1312 Θῆβαι,
850 1233 1001 1312 Θεσπιαί,
1022 1225 1218 1314 Ὀρχομενὸς
1232 1229 1269 1294 ἐν
1284 1249 1380 1315 μεσο-

232 1336 315 1422 γείᾳ.
357 1333 434 1400 Είσὶ
455 1332 492 1399 δὲ
514 1333 569 1400 καί
591 1331 688 1400 άλλαι
707 1332 828 1412 πόλεις.
866 1333 1071 1421 Παράπλους
1090 1336 1127 1400 δὲ
1145 1335 1204 1420 τῆς
1218 1342 1381 1414 Βοιωτίας

232 1439 342 1526 χώρας
364 1437 428 1507 άπὸ
456 1445 587 1526 Δηλίου
610 1441 705 1526 μέχρι
728 1443 796 1507 τῶν
821 1440 996 1528 Λοκρῶνῖ)
1028 1438 1133 1527 ὁρίων
1161 1442 1290 1536 στάδια
1310 1446 1380 1509 ὰια-

232 1547 331 1614 κόσια
349 1547 563 1632 πεντήκοντα.
610 1550 662 1614 60.
686 1546 781 1613 Μετὰ
804 1545 840 1614 δὲ
855 1548 1025 1628 Βοιωτούς
1044 1553 1109 1616 είσι
1125 1551 1250 1636 Λοκροὶ
1271 1555 1380 1628 ἔθνος.

234 1659 305 1719 Καί
325 1657 389 1719 είσι
412 1651 482 1719 κατ’
509 1651 661 1738 Εὔβοιαν
681 1651 795 1732 αὐτοῖς
813 1653 926 1733 πόλεις
945 1659 1032 1722 α’ίὰε·
1059 1655 1233 1744 Λάρυμνα,
1258 1659 1382 1737 Κῦνος,

230 1756 391 1847 Ὀποῦς3),
413 1757 541 1844 Ἀλόπη
578 1760 656 1826 Είσὶ
681 1759 719 1826 δὲ
741 1761 796 1827 καὶ
820 1759 918 1828 ἄλλαι
942 1763 1061 1829 πολλαὶ
1078 1769 1229 1850 Λοκροῖς.
1268 1762 1382 1850 Παρά-

233 1874 337 1944 πλους
366 1865 403 1932 δὲ
430 1870 488 1951 τῆς
515 1865 625 1952 χώρας
652 1863 765 1934 αὐτῶν
795 1869 914 1935 στάδια
938 1868 1102 1936 ὰιακόσια.
1149 1873 1201 1936 61.
1226 1867 1321 1937 Μετὰ
1346 1869 1383 1936 δὲ

235 1971 388 2058 Λοκρούς
406 1977 469 2038 είσι
488 1980 624 2052 Φωκεῖς.
670 1973 836 2060 Διήκουσι
855 1973 919 2060 γὰρ
938 1977 993 2042 καὶ
1013 1967 1106 2043 οὗτοι
1122 1981 1168 2054 είς
1182 1973 1243 2062 τήν
1258 1976 1382 2042 θάλατ-

233 2105 295 2146 ταν
314 2077 448 2164 ταύτην.
490 2080 557 2146 Καὶ
577 2079 690 2159 πόλεις
709 2079 822 2160 αὐτοῖς
841 2082 927 2148 είσλυ
946 2085 1032 2148 αἵδε·
1057 2081 1214 2168 Θρόνιον,
1239 2087 1381 2168 Κνημίς,

146 2207 180 2254 11
190 2201 224 2254 Η.
234 2183 393 2269 Ἐλάτεια,
422 2192 426 2266 λ
460 2186 648 2266 Πανοπεύς.
694 2187 772 2253 Είσὶ
801 2187 838 2252 δὲ
865 2187 919 2252 καὶ
948 2185 1045 2252 άλλαι
1069 2185 1181 2265 πόλεις
1208 2184 1322 2265 αὐτοῖς
1345 2190 1381 2254 ἐν

234 2297 398 2381 μεσογείᾳ.
447 2291 654 2378 Παράπλους
686 2290 717 2358 δ’
758 2292 826 2358 ἐστὶ
856 2295 914 2376 τής
946 2292 1092 2358 Φωκίων
1122 2290 1231 2377 χώρας
1263 2290 1381 2358 στάδια

236 2397 399 2466 διακόσια.
447 2402 497 2464 62.
526 2397 623 2467 Μετὰ
652 2399 688 2465 δὲ
715 2405 841 2476 Φωκεῖς
869 2398 932 2464 εἰσὶ
961 2405 1104 2478 Μαλιεῖς
1128 2399 1182 2466 καὶ
1212 2395 1229 2466 ὁ
1259 2397 1382 2477 κόλπος

235 2501 253 2572 ὁ
283 2505 442 2583 Μαλιεύς.
491 2503 547 2572 Ἐν
574 2503 681 2594 τούτῳ
711 2503 747 2570 δὲ
774 2508 820 2595 τῷ
848 2504 961 2594 κόλπςο
993 2505 1079 2572 είσὶν
1103 2508 1138 2572 οί
1160 2509 1383 2591 Λιμοὰωριεῖς

234 2610 436 2697 καλούμενοι
472 2613 526 2679 καὶ
564 2611 676 2690 πόλεις
708 2610 828 2699 αίὰε4)
863 2609 1025 2698 Ἐρινεός,
1057 2619 1177 2696 Βοῖον,
1208 2618 1382 2678 Κυτίνιον.

235 2715 318 2784 Εἶτα
330 2717 393 2806 62⁵)
404 2717 627 2803 Θερμοπύλαι,
644 2723 772 2804 Τραχίς,
785 2725 878 2803 Οίτη,
889 2709 1080 2805 Ἡράκλεια,
1088 2715 1270 2805 Σπερχειὸς
1283 2742 1381 2785 ποτα·
1467 2725 1472 2734 “

235 2824 305 2911 μός.
343 2829 394 2892 63.
418 2822 514 2891 Μετὰ
534 2823 570 2890 δὲ
582 2822 703 2892 τοῦτόν
718 2824 820 2913 ἐστιθ)
836 2829 1027 2892 Μαλιεῦσιν
1042 2822 1062 2911 ή
1077 2824 1189 2914 πρώτη
1205 2824 1301 2904 πόλις
1316 2832 1382 2892 Λα-

236 2939 305 3019 μία,
316 2932 435 3020 ἐσχάτη
448 2930 478 2998 δ’
494 2930 628 3018 Ἐχῖνος.
653 2933 731 2998 Εἰσὶ
742 2937 780 2998 δὲ
793 2932 848 2998 καὶ
863 2931 960 2999 άλλαι
975 2932 1087 3011 πόλεις
1097 2937 1278 3018 Μαλιεῦσι,
1289 2933 1383 3019 μέχρι

237 3031 278 3106 οὗ
293 3037 311 3106 ὁ
326 3038 449 3118 κόλπος
464 3041 608 3126 ἕπιθίχη.
632 3039 699 3104 Καὶ
709 3042 748 3126 τῇ
760 3039 922 3105 Μαλιέων
937 3037 1029 3127 χάρη
1044 3040 1236 3106 ἐποικοῦσιν
1246 3037 1384 3106 άυωθεν

238 3143 303 3212 άπὸ
328 3151 501 3232 μεσογείας
524 3149 693 3230 Αίνιὰνες,
715 3145 771 3212 καὶ
795 3141 840 3211 δι’
867 3142 978 3213 αὐτῶν
1003 3147 1056 3232 ῥεῖ
1077 3143 1095 3213 ὁ
1121 3143 1304 3232 Σπερχειὸς
1326 3168 1384 3212 πο-

236 3251 347 3338 ταμός.
404 3256 455 3320 64.
482 3250 570 3333 ’Έξω
602 3251 639 3319 δὲ
665 3255 726 3319 τοῦ
754 3251 944 3339 Μαλιέωςῖ)
972 3251 1099 3320 κόλπου
1128 3252 1224 3340 είσὶῧ)
1260 3249 1384 3339 Ἀχαιοὶ

240 3363 392 3426 Φθιῶται
421 3364 537 3437 ἔθνος·
565 3357 629 3425 είσὶ
658 3358 695 3425 δὲ
717 3359 773 3425 καὶ
802 3361 839 3426 ἐν
866 3363 911 3450 τῷ
940 3363 1162 3448 Παγασητικῷ
1192 3357 1303 3448 κόλπῳ
1333 3355 1382 3424 ἐπ’

237 3463 394 3554 ἀριστερᾷ
423 3467 609 3533 είσπλίοντι
641 3462 685 3544 ὰς
709 3466 760 3532 ἐπὶ
783 3463 820 3532 τὸ
851 3463 955 3551 ήμισυ
982 3469 1043 3532 τοῦ
1066 3464 1200 3532 κόλπου.
1245 3463 1385 3551 Ἀχαιῶν

237 3571 351 3650 πόλεις
373 3575 461 3639 αἴθε·
482 3571 712 3662 Ἀντρὰνες9),
737 3570 905 3658 Λάρισσα,
928 3577 1094 3638 Μελιταία
1103 3571 1152 3658 10),
1176 3570 1385 3658 Δημήτριον,

239 3683 356 3764 Θῆβαι.
402 3680 480 3747 Είσὶ
514 3679 551 3748 δὲ
580 3681 635 3748 καὶ
667 3678 765 3746 άλλαι
795 3678 906 3758 πόλεις
937 3676 1079 3765 Ἀχαιοῖς
1108 3681 1145 3746 ἐν
1176 3679 1385 3766 μεσογείμῃ).

312 3896 337 3960 1)
357 3889 472 3961 εὔριπος
490 3899 580 3962 τεῖχος
599 3887 734 3960 άνθηὸά;
747 3924 777 3932 -
789 3910 854 3946 mox
872 3910 921 3961 pro
942 3893 1066 3946 Θεοπιαί
1081 3891 1168 3945 habet
1186 3893 1341 3945 θεσπεσιαί
1357 3893 1385 3946 ελ

239 3981 338 4036 deinde
363 3978 516 4053 όρχόμενος
542 4015 572 4022 -
598 3987 625 4049 2)
649 3982 769 4050 λευκόν,
794 3999 846 4036 em.
870 3981 988 4036 Palmer.
1013 4011 1046 4020 —
1072 3981 1100 4049 3)
1125 3981 1304 4049 κυνοσοῦρος,
1331 3999 1382 4035 em.

239 4071 403 4127 Gronovius.
423 4104 455 4112 —
484 4074 511 4142 4)
531 4073 578 4126 καὶ
598 4069 662 4128 πάλ.
680 4073 743 4126 αἵδε
764 4071 877 4126 omittit.
898 4102 929 4110 -
957 4072 985 4140 5)
1005 4065 1142 4124 ἐνταῦθα.
1164 4101 1196 4109 -
1217 4073 1243 4139 6)
1262 4065 1332 4140 μετὰ
1351 4065 1383 4120 δὲ

240 4165 340 4230 μιλιεῖς
360 4159 457 4222 ἔθνος·
486 4159 544 4215 ἔστι
567 4159 599 4215 δὲ
623 4158 757 4222 Μαλιεός.
778 4191 813 4199 —-
837 4161 863 4228 7)
883 4159 1015 4230 μαλιέων.
1035 4191 1068 4200 -
1092 4162 1120 4230 8)
1139 4156 1259 4214 κόλπουι
1279 4155 1332 4210 είολ
1351 4153 1382 4209 δὲ

239 4246 284 4320 οἰχ.
305 4283 336 4291 -
357 4251 489 4306 Proxima
508 4251 536 4304 C.
551 4251 648 4304 Muell.
662 4251 733 4304 bene
748 4249 856 4304 emend.
877 4281 906 4288 —-
930 4255 956 4314 9)
976 4243 1132 4318 ὰλίτροιιες,
1152 4265 1202 4304 em.
1220 4247 1337 4300 Palmer.
1350 4277 1382 4284 -

243 4342 286 4406 10)
306 4336 476 4410 μελιιιάὸες,
496 4356 548 4393 em.
567 4338 649 4392 idem.
665 4369 699 4378 -
716 4339 759 4405 11)
779 4338 891 4392 Excidit
908 4338 1034 4408 periplus
1051 4338 1240 4406 ΜοΙίουείοιυ,
1256 4337 1382 4390 Achaeo-
