3256 5102
712 283 930 348 -35-

248 441 342 531 νήσῳ
366 446 515 528 γίγνεται
538 440 660 527 λωτός,
684 437 724 510 ὃν
748 443 937 525 ἐσθίουσιν,
959 440 1015 507 καὶ
1038 442 1163 526 ἕτερος,
1186 443 1220 522 ἐξ
1240 433 1281 509 οὗ
1300 439 1396 509 οἶνον

247 553 414 618 ποιοῦσιν.
455 547 492 616 ‘0
519 548 557 616 δὲ
583 551 645 616 τοῦ
675 551 785 616 λωτοῦ
814 545 942 633 καρπός
969 548 1038 614 ἐστι
1064 551 1110 639 τῷ
1145 548 1280 633 μεγέθει
1313 546 1397 615 ὅσον
1461 595 1463 600 -

249 655 494 744 μιμαίκυλονῑ).
531 659 677 724 Ποιοῦσι
700 653 738 722 δὲ
756 654 811 721 καὶ
827 659 941 721 ἔλαιον
954 651 1042 721 πολὺ
1056 655 1091 721 ἐκ
1104 658 1256 722 κοτίνων.
1296 657 1395 740 Φέρει

250 760 287 828 δὲ
314 759 443 848 καρπὸν
470 759 491 848 ἡ
518 766 623 848 νῆσος
652 759 771 848 πολύν,
802 758 931 846 πυροὺς
957 760 1012 828 καλ
1040 759 1175 847 κριθάς·
1208 765 1277 828 ἔστι
1309 760 1346 828 δὲ
1375 759 1396 846 ἡ

248 870 353 952 νῆσος
375 865 512 954 εῦγειος.
558 872 674 948 Πλοῦς
697 865 761 935 άπὸ
782 871 964 954 Ταριχειῶν
988 872 1036 946 είς
1056 865 1119 952 τὴν
1142 870 1251 952 νῆσον
1275 863 1398 955 ἡμέρας

248 977 335 1060 μιᾶς.
377 973 472 1044 Μετὰ
496 973 534 1042 δὲ
557 972 620 1061 τὴν
642 973 752 1060 νῆσόν
776 977 844 1042 ἐστι
863 973 1014 1062 Γιγθλςῗ)
1034 971 1138 1052 πόλις.
1180 970 1259 1040 Ἀπό
1283 972 1321 1040 δέ
1338 978 1399 1059 τῆς

251 1078 361 1166 νη’σου
388 1084 436 1160 είς
466 1081 589 1168 Γιχθλν
616 1084 721 1160 πλοῦς
748 1078 855 1167 ἡμέρα
881 1077 1025 1166 ἡμίσεια.
1071 1077 1150 1147 Ἀπὸ
1179 1077 1217 1147 δὲ
1246 1081 1397 1166 Γιχθέως

251 1192 300 1266 είς
323 1187 549 1275 Μακομάιλαθ)
576 1191 681 1266 πλοῦς
709 1184 846 1274 ἡμέρας·
875 1187 930 1254 καὶ
954 1190 1058 1273 νῆσος
1082 1191 1212 1254 ἔπεστιν
1237 1183 1287 1253 ἐπ’
1314 1184 1398 1274 αὐτῇ

252 1292 365 1379 ἐρήμη.
413 1291 509 1362 Μετὰ
537 1293 575 1361 δέ
601 1292 728 1379 ταύτην
751 1293 973 1381 Κερκινῖτιςέ)
1002 1297 1106 1379 νῆσος
1131 1293 1187 1360 καὶ
1216 1291 1312 1372 πόλις
1343 1294 1399 1360 καλ

250 1397 333 1468 κατὰ
348 1397 473 1486 ταύτην
485 1395 607 1482 Θάψος.
638 1398 844 1486 Παράπλους
858 1396 922 1466 άπὸ
942 1397 1065 1483 ταύτης
1079 1402 1126 1477 είς
1140 1397 1258 1480 Θάψον
1276 1396 1400 1486 ἡμέρας

251 1507 307 1574 καὶ
330 1505 481 1594 ἡμίσεως.
524 1503 602 1574 Ἀπὸ
627 1505 664 1574 δὲ
687 1505 877 1586 Θάψονείς
900 1507 1024 1572 Λέπτιν
1051 1502 1114 1590 τὴν
1137 1503 1259 1593 μικρὰν
1282 1510 1399 1585 πλοῦς·

253 1609 317 1681 άπὸ
343 1613 496 1690 Λέπτεως
524 1617 571 1691 είς
600 1610 811 1699 Ἀὃρύμετοκ
854 1608 932 1678 Ἀπὸ
961 1609 999 1678 δέ
1021 1610 1141 1693 Θάψον
1167 1612 1222 1679 καὶ
1248 1613 1401 1692 Λέπτεως

252 1723 311 1805 τῆς
335 1722 454 1805 μικρᾶς
480 1719 536 1786 καὶ
561 1715 792 1807 Ἀδρύμετόςὸ)
823 1719 891 1785 ἐστι
919 1715 1041 1797 κόλπος
1068 1721 1169 1805 μέγας
1196 1727 1285 1802 εἴσω,
1309 1721 1346 1786 έν
1374 1711 1400 1811 ᾧ

251 1823 273 1912 ἡ
294 1823 421 1912 Σύρτις
436 1821 539 1911 έστίὴ
556 1823 668 1911 μικρὰ,
682 1831 875 1911 Κερκινῖτις
887 1824 1094 1910 καλουμένη,
1113 1823 1199 1892 πολὺ
1221 1829 1280 1912 τῆς
1298 1823 1401 1911 άλλης

164 1949 197 1997 49
208 1939 241 1995 Η.
253 1931 423 2019 Σύρτιιλος
436 1932 646 2016 χαλεπωτέρα
654 1929 710 1996 καὶ
723 1931 970 2014 δυσπλοωτέρα,
984 1920 1070 2016 ἦςτὸ
1092 1933 1096 2016 Ι
1117 1937 1314 2019 περίμετρον
1325 1931 1400 1998 στά-

252 2043 309 2106 δια
333 2041 486 2124 δισχίλια.
526 2034 582 2104 Ἐν
609 2034 712 2123 ταύτη
735 2039 775 2123 τῇ
800 2033 943 2122 Σύρτιδι
966 2037 1140 2121 ἐνέστηκεν
1168 2033 1190 2122 ἡ
1217 2039 1321 2122 νῆσος
1342 2038 1399 2104 καλ

252 2150 352 2232 λίμνη
359 2144 385 2232 6)
408 2143 569 2231 Τριτωνὶς
586 2143 775 2229 καλουμένη
789 2142 845 2208 καὶ
860 2139 1008 2226 ποταμὸς
1023 2146 1163 2225 Τρίτων,
1183 2143 1239 2208 καλ
1252 2140 1400 2210 αὐτόθεν

253 2252 343 2321 ἐστὶν
355 2249 500 2337 Ἀθηνᾶς
509 2252 712 2337 Τριτωνίδος
721 2246 823 2336 ίερόν.
843 2245 960 2334 Στόμα
970 2243 1002 2312 δ’
1016 2245 1113 2352 ἔχειῗ)
1125 2243 1146 2331 ἡ
1157 2252 1256 2334 λίμνη
1267 2247 1399 2334 μικρὸν,

234 2357 308 2426 ’καὶ
323 2359 359 2424 έν
373 2359 419 2449 τῷ
434 2354 572 2442 στόματι
586 2358 690 2440 νῆσος
704 2358 848 2421 ἔπεστιν·
865 2353 920 2420 καὶ
931 2350 1013 2420 ὅταν
1027 2350 1195 2432 ἀνάπωτις
1206 2345 1240 2441 ᾖ,
1258 2357 1364 2422 ε’νίοτε
1378 2352 1399 2440 ἡ

253 2469 353 2550 λίμνη
369 2458 430 2528 οῦκ
453 2464 541 2545 ἔχειν
564 2457 726 2528 εἴσπλουν
749 2459 850 2547 έστὶθ)
870 2463 1049 2544 φαίνουσα.
1089 2455 1134 2524 Ἡ
1151 2458 1188 2526 δὲ
1201 2465 1302 2546 λίμνη
1317 2459 1400 2546 αῦτη

254 2569 322 2638 ἐστὶ
338 2564 475 2655 μεγάλη,
487 2563 525 2632 τὸ
536 2570 734 2654 περίμετρον
746 2568 868 2650 ἔχουσα
883 2561 929 2642 ὡς
943 2567 1090 2630 σταδίων
1104 2571 1230 2650 χιλίων.
1267 2575 1401 2653 Περιοι-

253 2679 350 2744 κοῦσι
384 2669 415 2740 δ’
448 2669 585 2760 αύτην9)
618 2676 742 2757 Λίβυες
769 2669 976 2758 Γύζαντεςῑθ)
1005 2673 1122 2754 ἔθνος,
1154 2670 1210 2736 καλ
1241 2670 1339 2750 πόλις
1362 2670 1401 2740 τὸ

254 2779 450 2868 ἑπέκειναΗ)
473 2777 558 2866 πρὸς
579 2775 678 2864 ἡλίου
693 2776 834 2865 δυσμάς·
858 2767 949 2846 οὗτοι
965 2773 1028 2862 γάρ
1045 2774 1254 2866 Γύζαντεςῑῑ)
1280 2781 1403 2862 Λίβυες

255 2891 410 2974 λέγονται
438 2885 561 2968 ξανθοὶ
584 2882 727 2963 ἅπαντες
747 2884 804 2951 καὶ
831 2883 1011 2952 κάλλιστοι.
1057 2883 1125 2951 Καὶ
1153 2881 1175 2970 ἡ
1203 2883 1295 3010 μύρα
1318 2883 1401 2970 αῦτη

255 2992 373 3082 άρίστη
401 2991 457 3060 καὶ
484 2987 750 3077 παμφορωτάτη,
779 2989 834 3055 καὶ
862 2987 1055 3075 βοσκηματα
1083 2987 1162 3077 παρ’
1193 2987 1307 3069 αὐτοῖς
1334 2992 1403 3058 ἐστὶ

256 3100 312 3170 καὶ
327 3100 463 3186 μέγιστα
481 3098 537 3166 καὶ
551 3105 703 3180 πλειστα,
725 3097 781 3162 καὶ
796 3092 892 3162 αὐτοὶ
906 3093 1168 3163 πλονσιωτατοιι
1169 3095 1204 3183 3.)
1250 3094 1347 3164 Μετὰ
1361 3097 1400 3164 δὲ

256 3233 318 3292 την
332 3203 462 3292 Σύρτιν
484 3203 610 3290 ταύτην
624 3202 793 3282 Νεάπολίς
816 3204 894 3270 ἐστι.
931 3200 1218 3289 ΠαράιτλουςιλΗ
1199 3201 1264 3270 απὸ
1285 3201 1401 3290 Ἀδρύ-

257 3339 360 3400 μητος
382 3313 435 3380 έπὶ
449 3313 543 3380 Νέαν
562 3307 702 3379 πόλιν’
685 3311 810 3398 ημερας
833 3311 923 3377 εστιν
931 3309 979 3398 14)
1016 3307 1113 3377 Μετα
1133 3309 1170 3376 δὲ
1188 3311 1283 3378 Νέαν
1302 3309 1402 3378 πόλιν

253 3416 441 3506 Ἑρμαία”
420 3444 506 3506 ακρα
533 3417 590 3486 καὶ
616 3415 723 3496 πόλις.
770 3415 974 3503 Παράπλονς
1001 3413 1065 3483 άπὸ
1089 3417 1181 3494 Νέας
1204 3415 1332 3496 πόλεως
1354 3420 1402 3495 είς

329 3689 355 3756 1)
379 3686 637 3756 μιγαίηνκλονμ-
663 3687 691 3752 2)
715 3681 811 3753 ἔπιγσς
834 3684 864 3738 et
890 3699 955 3738 mox
980 3679 1079 3752 ἔπιγον
1102 3683 1132 3736 ολ
1160 3677 1274 3752 zaim,
1297 3700 1350 3740 em.
1373 3685 1403 3739 C.

256 3775 441 3832 Mueller-
460 3771 548 3878 3)είς
566 3777 643 3828 Μακ.
658 3775 709 3828 σοί
727 3771 768 3836 είς
785 3765 901 3840 Μυκη
918 3764 1078 3826 ’Νεάπολιν
1096 3771 1254 3826 addiditc.
1273 3773 1399 3828 Mueller.

258 3896 292 3906 -
311 3867 338 3933 4)
357 3859 450 3932 αύτὴν
468 3857 642 3933 άκακινίτης,
660 3879 713 3918 em.
732 3861 862 3918 ἵστα-
827 3856 936 3930 -’δ)
920 3856 976 3914 απὸ
994 3859 1026 3914 δὲ
1045 3855 1148 3929 θάψον
1167 3860 1217 3928 τῆς
1237 3862 1338 3931 μικράς
1355 3861 1405 3916 καλ

257 3956 340 4025 ὅρον
338 3969 392 4017 τις
417 3951 476 4008 ἔστι
498 3947 663 4015 κόλπος-
682 3953 709 4019 6)
729 3951 779 4005 κοιλ
800 3952 882 4020 λίμνη
906 3949 1075 4005 omittit.—
1098 3953 1125 4018 7)
1146 3945 1176 4019 ἐγ
1201 3951 1261 4019 (εἰσ)
1285 3945 1365 4036 ἡλ,
1369 3979 1403 3989 -

258 4048 287 4114 8)
306 4042 535 4112 συννφαίνουσα,
555 4058 606 4096 em.
622 4039 652 4096 O
670 4039 821 4094 1111611.-
786 4041 866 4108 -9)
885 4035 1051 4107 περιέπουσι
1064 4036 1106 4106 δέ,
1126 4055 1179 4093 em.
1192 4037 1353 4094 OUMueller
1366 4065 1399 4074 -

195 4129 200 4150 ⁸
260 4137 303 4202 10)
322 4126 439 4199 πάντες,
458 4147 510 4186 em.
529 4129 666 4184 ἰάσω-
687 4121 762 4196 11)
748 4127 901 4195 υπέκεινα,
925 4143 978 4181 em.
996 4127 1129 4183 idemae-
1149 4121 1232 4195 12)”
1211 4143 1334 4185 απαντες
1351 4139 1403 4192 pro

259 4217 325 4287 Γόζ.
344 4221 373 4275 et
390 4235 456 4274 mox
474 4212 595 4274 ἄπαστοι
612 4233 664 4286 pro
679 4209 814 4282 ἅπαντες,
828 4231 881 4272 em.
899 4213 983 4270 idem.
1003 4246 1036 4255 -
1057 4216 1103 4284 13)
1120 4215 1189 4269 Post
1209 4215 1304 4266 πλουσ.
1324 4211 1405 4265 σόᾱίλ

258 4312 307 4365 καλ
321 4305 471 4378 κάλλιστοι,
488 4323 560 4377 quae
571 4305 632 4377 jam
641 4304 756 4362 Vossius
771 4302 883 4360 delevit
899 4335 931 4343 —
953 4306 998 4374 14)
1011 4300 1124 4374 ἡμερῶν
1138 4296 1190 4370 στ’,
1205 4316 1257 4354 em.
1268 4297 1402 4356 onnon.
