3256 5102
725 348 944 413 „34-

260 502 298 568 έν
324 499 434 587 γύαις·
462 500 601 590 παρήκει
624 501 656 570 δ’
666 505 691 593 1)
715 502 779 573 άπὸ
805 507 1032 595 Κεῤῥονήσων
1061 505 1116 574 διά
1147 511 1206 594 τῆς
1233 515 1407 596 μεσογείας

258 609 354 695 μέχρι
375 605 580 694 Ἑσπερίδων
608 609 697 699 παρά
726 616 790 699 γήν
819 611 916 700 ἐγγύς
944 613 1063 681 στάδια
1090 620 1180 700 χίλια
1206 616 1261 682 καὶ
1288 641 1405 685 πεντα-

257 713 389 804 κόσιαδ)
416 714 567 802 μάλιστα.
605 713 820 805 Ἀφροδισιάς
848 724 950 806 νῆσος
976 719 1144 810 ύφορμος,
1177 722 1405 811 Ναύσταθμος

257 818 368 906 λιμήν.
409 825 524 902 Πλοῦς
547 820 612 891 άπὸ
636 825 862 912 Χεῤῥονήσων
889 824 1013 914 ἡμέρας
1043 831 1133 914 μιᾶς·
1161 827 1225 897 άπὸ
1252 829 1289 897 δὲ
1311 837 1405 898 Ναυ-

258 925 412 1014 στάθμον
435 933 482 1008 είς
504 931 623 1017 λιμένα
650 928 710 1000 τὸν
734 932 895 1020 Κυρήνης
923 933 1042 1002 στάδια
1066 934 1198 1018 ἑκατόν·
1226 938 1261 1004 έκ
1285 937 1322 1004 δέ
1344 941 1405 1005 τοῦ

256 1035 391 1120 λιμένος
418 1039 465 1114 είς
492 1036 657 1124 Κυρήνην
685 1037 804 1106 στάδια
828 1036 1045 1126 ὁγδοήκοντα.
1077 1039 1172 1109 ’Ἐστι
1201 1041 1238 1109 δέ
1261 1043 1403 1129 Κυρήνη
1515 1125 1518 1133 ι

256 1141 294 1208 έν
317 1145 481 1232 μεσογείᾳ.
523 1143 601 1210 Είσί
625 1143 662 1212 δὲ
687 1135 780 1214 οὗτοι
803 1149 838 1213 oc
858 1149 989 1234 λιμένες
1005 1146 1182 1237 πάνορμοι.
1219 1150 1287 1216 Καὶ
1306 1147 1402 1217 άλλαι

257 1245 294 1314 δέ
307 1247 497 1334 καταφυγαί
511 1245 576 1316 ὑπὸ
586 1253 754 1337 υησιδίοις
766 1253 822 1320 καὶ
836 1251 984 1342 ῧφορμοι
998 1254 1054 1322 καί
1069 1253 1163 1323 άκταὶ
1177 1257 1297 1324 πολλαί
1312 1258 1348 1324 έν
1363 1259 1402 1344 τή

255 1353 376 1440 μεταξύ
399 1351 498 1444 χάρη.
533 1351 587 1422 Ἐκ
603 1355 640 1423 δέ
658 1359 793 1444 λιμένος
807 1361 865 1446 τῆς
879 1360 1040 1446 Κυρήνης
1066 1363 1160 1449 μέχρι
1183 1363 1318 1449 λιμένος
1339 1365 1400 1429 τοῦ

157 1467 191 1517 46
207 1461 242 1515 Η·
256 1459 338 1529 κατά
366 1460 502 1550 Βάρκην
527 1461 647 1530 στάδια
673 1465 887 1532 πεντακόσια·
908 1463 953 1552 Ιή
984 1465 1021 1533 δὲ
1048 1467 1144 1546 πόλις
1172 1465 1192 1554 ή
1222 1473 1400 1554 Βαρκαίων

254 1565 319 1636 άπὸ
338 1567 507 1655 θαλάττης
528 1567 641 1656 άπέχει
660 1569 779 1638 στάδια
799 1571 926 1642 ἑκατόν.
964 1571 1019 1639 Ἐκ
1034 1572 1071 1640 δὲ
1086 1575 1220 1660 λιμένος
1237 1577 1298 1641 τοῦ
1316 1575 1398 1640 κατὰ

254 1673 391 1764 Βάρκην
410 1673 463 1762 ἐφ’
479 1671 676 1765 Ἑσπερίδας
695 1678 813 1746 στάδια
828 1680 981 1762 ἑξακόσια
1001 1688 1136 1748 είκοσιυ.
1165 1677 1220 1748 Ἐκ
1235 1680 1272 1748 δέ
1287 1679 1400 1766 Κυρή-

253 1808 315 1868 νης
342 1783 407 1849 είσὶ
434 1783 579 1868 λιμένες,
606 1785 662 1851 καί
689 1785 826 1873 χωρίαθ)
854 1786 944 1853 έστὶν
974 1786 1151 1872 έσχισμένα
1175 1787 1269 1872 μέχρι
1287 1783 1400 1852 Ἑσπε-

254 1892 361 1976 ρίδων
383 1887 477 1958 τάδε·
503 1894 637 1970 Φνκοῦς
658 1890 794 1972 κόλπος·
817 1890 888 1959 άνω
913 1889 946 1957 δ’
968 1891 1117 1960 ἐνταῦθά
1141 1893 1232 1960 έστιυ
1256 1889 1274 1960 ό
1298 1896 1402 1978 κῆπος

149 2015 152 2022 ’
252 1999 321 2062 τῶν
340 1992 533 2083 Ἑπερίδων.
561 1995 656 2064 Ἔστι
680 1997 717 2066 δέ
740 1995 841 2078 τόπος
865 1999 976 2087 βαθύς
1000 1997 1147 2088 ὀργυιῶν
1168 1997 1401 2084 ὀκτωκαίδεκα,

253 2099 420 2190 άπότομος
441 2101 568 2195 κύκλῳ,
594 2101 746 2192 οὐδαμοῦ
765 2111 850 2191 ἔχων
868 2105 1066 2191 κατάβασιν·
1091 2110 1159 2171 ἔστι
1180 2104 1217 2172 δέ
1239 2104 1301 2172 δύο
1325 2124 1400 2173 στα-

253 2212 338 2276 δίων
364 2214 531 2299 πανταχῇ,
559 2208 620 2278 οὐκ
648 2215 800 2296 ἔλαττον,
834 2203 932 2297 εὖρος
959 2211 1014 2277 καί
1043 2213 1154 2296 μήκος.
1196 2200 1304 2288 Οὗτός
1331 2212 1400 2277 ἐστι

253 2314 389 2396 σύσκιος
415 2317 593 2405 δένδρεσιν
621 2317 897 2404 ἐμπεπλεγμένοις
925 2318 961 2384 έν
990 2313 1160 2402 άλλήλοις,
1188 2311 1233 2394 ῶς
1261 2313 1312 2382 ότι
1339 2313 1399 2400 μά-

251 2428 347 2488 λιστα
374 2421 602 2500 πυκνοτάτοις.
652 2420 699 2489 Τά
733 2425 859 2511 δένδρα
886 2424 954 2492 ἐστὶ
983 2421 1102 2508 λωτός,
1134 2423 1252 2509 μηλέαι
1279 2443 1399 2488 παντο-

253 2529 366 2614 δαπαί,
390 2529 482 2615 ῥοαί,
506 2525 610 2612 άπιοι,
634 2534 827 2616 μιμαίκυλα,
851 2529 1028 2618 συκάμινα,
1052 2528 1204 2616 άμπελοι,
1228 2532 1399 2614 μνρσίναι,

252 2633 391 2720 δάφναι,
414 2633 545 2720 κισσός,
568 2637 686 2722 έλαίαι,
709 2635 849 2723 κότινοι,
873 2636 1072 2724 άμυγδαλαί,
1090 2634 1221 2723 καρύαι.
1262 2637 1338 2700 Τῶν
1362 2632 1399 2700 δὲ

251 2747 401 2830 χωρίων,
433 2737 455 2808 ά
488 2739 549 2810 ούκ
581 2751 723 2832 είρηται,
756 2744 855 2832 έστι4)
887 2743 969 2812 κατά
1002 2737 1062 2812 τόν
1093 2746 1201 2829 κήπου
1222 2739 1398 2827 ”Αμπελος,

244 2839 370 2938 5Amgl)
385 2888 433 2960 x·-
460 2844 592 2916 άλάττει
616 2848 736 2918 στάδια
758 2850 937 2939 τριάκοντα
962 2891 1017 2938 -,
1042 2847 1270 2937 Χερρόνησος,
1298 2851 1398 2934 κήποι

250 2963 413 3042 πλεῖστοι,
442 2959 617 3041 Ζηνερτίς,
650 2955 829 3043 Ταύχειρα,
862 2960 1045 3024 Καυκαλοῦ
1071 2954 1180 3041 κῶμη,
1208 2952 1400 3041 Ἑσπερίδες

250 3060 346 3140 πόλις
371 3061 427 3128 καί
455 3062 557 3149 λιμήν
584 3063 640 3130 καί
666 3062 814 3150 ποταμὸς
837 3064 890 3131 ἐπὶ
912 3067 952 3152 τή
977 3061 1071 3130 πόλει
1089 3059 1287 3150 Ἑκκειοςθ),
1310 3061 1398 3149 null)

249 3172 353 3237 ταῦτα
379 3167 419 3236 τά
447 3174 553 3257 χωρία
585 3166 649 3237 άπὸ
674 3168 900 3259 Χερρονήσου
932 3172 1000 3237 τῶν
1030 3165 1233 3257 Ἆζιρίδωνῧ)
1265 3166 1305 3234 τά
1337 3166 1399 3255 μὲν

250 3281 456 3362 Κυρηναίων
475 3274 515 3344 τά
534 3275 572 3343 δὲ
590 3281 769 3364 Βαρκαίων
789 3277 857 3344 ἐστὶ
881 3277 975 3363 μέχρι
994 3272 1210 3362 Ἑσπερίδων.
1247 3277 1299 3341 92.
1320 3271 1397 3340 Ἀπὸ

251 3381 289 3450 δέ
307 3379 513 3470 Ἑσπερίδων
540 3381 663 3462 κόλπος
690 3383 758 3451 έστί
786 3385 903 3470 μέγας,
932 3372 959 3474 ᾦ
987 3379 1094 3469 ὄνομα
1122 3381 1261 3469 Σύρτις,
1290 3377 1335 3456 ῶς
1363 3375 1394 3443 δ’

249 3493 355 3557 εἰπεῖν
375 3487 427 3558 ὅτι
446 3489 588 3577 μάλιστα
607 3478 769 3572 είκάζοντι
784 3493 930 3557 σταδίων
944 3487 1263 3576 πεντακισχιλίων9).
1280 3483 1396 3552 Ἔστιν

249 3593 333 3684 αὐτή
360 3596 397 3664 τὸ
422 3593 545 3675 πλάτος
572 3593 637 3664 άπὸ
657 3592 863 3684 Ἑσπερίδων
887 3599 934 3674 είς
963 3595 1057 3662 Νέαν
1081 3593 1180 3662 πόλιν
1208 3590 1268 3679 τήν
1292 3593 1396 3680 πέραν

152 3726 186 3774 47
201 3720 235 3776 Η,
250 3705 355 3781 πλοῦς
386 3698 521 3789 ἡμερῶν
551 3709 555 3785 Ι
584 3706 687 3790 τριῶν
710 3703 766 3772 καί
788 3705 920 3772 νυκτῶν
952 3705 1065 3790 τριῶν.
1112 3702 1328 3787 Περιοικοῦσι
1362 3693 1394 3762 δ’

324 3935 350 4002 1)
369 3929 499 4004 φύεσθαι
512 3928 596 4004 γύαις
613 3929 737 4004 παράγει
750 3933 782 3989 δέ
797 3966 831 3975 -
847 3933 875 3990 C.
890 3933 1040 3988 Muellerus
1055 3929 1168 3985 maluit:
1188 3925 1317 4000 φύεσθαι
1332 3926 1395 3984 lea-

251 4020 345 4092 γενές·
364 4019 494 4094 παρήκει.
516 4055 548 4064 -
568 4026 594 4093 λ)
614 4017 690 4100 ,βφζ
709 4040 761 4080 em.
777 4023 805 4078 O.
820 4023 977 4078 Muellerus.
997 4051 1032 4061 —
1050 4022 1078 4091 3)
1096 4016 1187 4090 χάρις,
1207 4037 1259 4078 em.
1280 4019 1397 4074 Salmas.

251 4143 285 4153 -
304 4114 332 4181 4)
351 4111 399 4180 δέ,
419 4112 494 4180 quod
513 4112 542 4168 C.
561 4113 657 4168 Muell.
676 4114 753 4166 recte
771 4111 885 4166 delevit.
905 4142 937 4150 -
957 4111 985 4178 5)
1004 4104 1095 4172 ἄπιος.
1115 4140 1149 4151 -
1168 4112 1201 4164 In
1219 4108 1352 4180 proximis
1367 4106 1395 4159 C.

249 4199 344 4256 Muell.
363 4217 415 4270 pro
435 4195 549 4254 άλάττει
567 4199 662 4255 malit:
683 4196 714 4254 έν
733 4195 826 4262 ἄλλοις
845 4201 969 4262 σταδίοις
987 4219 1026 4269 τρ.
1047 4230 1080 4240 -
1100 4199 1127 4267 6)
1147 4197 1254 4254 Sliehle
1268 4213 1317 4264 pro
1331 4191 1395 4249 Ἔκ-

249 4309 326 4352 κειος
345 4289 436 4344 voluit
453 4292 590 4358 Ληθαῖος.
610 4320 644 4330 -
665 4291 691 4358 7)
709 4283 792 4357 κατά,
811 4305 864 4342 em.
884 4289 955 4343 (λεί).
970 4319 1005 4328 -
1020 4293 1047 4359 8)
1066 4283 1123 4342 άπὸ
1143 4284 1319 4356 χερρονησῶν
1337 4285 1395 4338 τῶν

250 4373 384 4449 άντίδων,
404 4395 455 4433 em.
475 4377 611 4449 Bursian„
631 4376 679 4432 cfr.
699 4381 722 4442 5.
738 4382 772 4432 48
791 4379 821 4432 ελ
839 4383 881 4432 90.
893 4409 925 4418 -
938 4381 964 4448 9)
980 4373 1012 4431 π’
1029 4393 1079 4446 pro
1099 4395 1130 4451 ,ε,
1149 4391 1202 4429 em.
1225 4373 1253 4430 C.
1268 4373 1395 4430 Mueller.
