3256 5102
709 331 927 394 -23-

245 511 347 572 ματος
371 489 428 572 τῆς
443 489 686 572 Προποντίδος,
710 484 760 574 ῦῙ)
785 489 852 554 έστι
876 487 994 556 στάδιοι
1016 491 1058 570 ἐξ.
1101 486 1212 568 Ἐντὸς
1230 486 1262 554 θ’
1285 487 1390 574 Αἰγὸς

245 599 401 680 ποταμοί,
434 596 591 679 Κρῆσσα,
620 592 793 681 Κριθωτή,
826 596 973 683 Πακτόη.
1025 599 1154 684 Μέχρις
1186 597 1335 662 ἐνταῦθα
1367 592 1386 680 ἡ

246 705 373 790 Θρηικία
400 697 613 786 χερρόνησος.
656 697 710 767 Ἰθι
739 701 895 787 Πακτύης
924 701 955 768 δ’
986 707 1033 782 είς
1061 707 1215 790 Καρδίαν
1244 699 1300 768 διὰ
1327 704 1388 769 τοῦ

245 805 387 893 αὐχένος
413 811 491 894 πεζῇ
519 803 638 873 στὰόια
664 806 919 895 τετταράκοντα,
943 811 978 876 ἐκ
1000 808 1168 893 θαλάττης
1195 813 1243 888 είς
1264 807 1388 875 θάλατ-

245 934 320 980 ταν·
349 912 404 979 καλ
432 911 528 992 πόλις
555 915 592 980 ἐν
619 915 665 1004 τςῦ
696 914 796 1005 μέσῳ,
825 905 846 1002 ᾖ
870 913 977 1000 ὄνομα
997 913 1125 1003 Ἀγορὰ.
1170 915 1389 1002 Χερρονήσου

245 1022 350 1106 μῆκος
372 1021 407 1087 ἐκ
431 1022 583 1107 Καρδίας
605 1023 652 1098 είς
678 1017 874 1088 Ἐλαιοῦντα
897 1061 939 1070 —-
962 1021 1065 1110 ταότη
1088 1021 1152 1109 γὰρ
1176 1023 1244 1088 ἐστι
1268 1048 1389 1108 μακρο-
1420 1055 1422 1060 ’
1456 1061 1460 1069 1

244 1125 324 1211 τότη
346 1167 383 1176 -
406 1125 525 1193 στόὰια
547 1125 784 1215 τετρακόσιαῗ).
824 1125 921 1195 Μετὰ
945 1127 983 1196 δὲ
1005 1126 1066 1212 τὴν
1089 1127 1296 1216 χερρόνησόν
1320 1130 1389 1196 ἐστι

127 1308 130 1314 ,
246 1231 376 1322 Θρᾴκια
397 1239 487 1319 τείχη
511 1231 602 1300 τόδε·
631 1236 764 1319 πρῶτον
789 1232 899 1319 Λευκὴ
923 1231 1020 1322 ὰκτη,
1048 1241 1267 1323 Τειρίστασις,
1290 1231 1389 1322 Ἡρό-

245 1347 353 1423 κλιια,
384 1337 507 1423 Γάνος,
535 1337 705 1427 Γανιὰςῧ),
733 1342 826 1407 Νέον
857 1343 979 1427 τεῖχος,
1008 1344 1180 1430 Πέρινθος
1206 1341 1303 1420 πόλις
1333 1341 1389 1408 καὶ

246 1444 357 1533 λιμήν,
381 1445 569 1534 Δαύνιον4)
592 1459 709 1532 τεῖχος,
734 1453 932 1536 Σηλυμβρία
946 1447 1042 1528 πόλις
1063 1449 1119 1516 καὶ
1142 1447 1253 1535 λιμήν.
1264 1501 1271 1514 .
1282 1499 1304 1514 ..
1315 1499 1338 1514 ..
1349 1448 1388 1535 .5)

243 1549 320 1620 Ἀπό
344 1551 466 1620 τοῦτον
489 1552 542 1620 ἐπί
569 1556 630 1620 τοῦ
654 1553 815 1641 στόματος
837 1558 898 1622 τοῦ
921 1555 1059 1623 Πόντου
1082 1557 1146 1623 είσὶ
1170 1554 1289 1623 στάδια
1311 1578 1388 1622 πεν-

244 1651 413 1746 τακόσιαθ)
474 1665 633 1726 Καλείται
662 1655 694 1725 δ’
725 1657 909 1739 Ἀνὰπλους
937 1658 955 1728 ὁ
985 1661 1086 1740 τόπος
1115 1661 1181 1728 ὰνὰ
1210 1657 1388 1747 Βόσπορον

244 1767 359 1854 μέχρις
382 1761 424 1832 ὰν
449 1770 550 1852 ἔλθης
574 1762 627 1850 ἐφ’
648 1761 798 1853 Ἱερόνῖ).
828 1772 833 1847 Ι
859 1764 931 1852 Ἀφ’
951 1764 1059 1852 Ἱεροῦ
1084 1767 1121 1834 δὲ
1143 1772 1204 1835 τοῦ
1227 1766 1389 1853 στόματός
1399 1780 1432 1828 29
1443 1774 1477 1828 H.

245 1874 313 1940 ἐστι
335 1875 397 1938 τοῦ
412 1869 550 1938 Πόντου
573 1862 671 1958 εῦρος
694 1871 813 1939 στοίῦια
837 1872 957 1960 ἑπτόῧ).
995 1874 1073 1940 Εἰσί
1098 1871 1129 1940 δ’
1155 1876 1193 1941 έν
1206 1877 1251 1965 τῷ
1266 1872 1389 1963 Πόντῳ

245 1976 358 2056 πόλεις
380 1974 573 2064 Ἑλληνίδες
601 1980 674 2044 α’ίὰε
702 1979 739 2045 ἐν
768 1977 895 2067 Θρᾴκη·
924 1977 1143 2066 Ἀπολλωνία,
1176 1985 1389 2068 Μεσημβρία,

242 2082 402 2171 Ὀὰησσὰς
423 2083 567 2173 πόλις9),
596 2083 821 2174 Κὰλλατιςῑθ),
844 2087 900 2152 καί
922 2087 1070 2173 ποταμὸς
1090 2085 1229 2174 Ἴστρος.
1275 2085 1389 2173 Παρὰ-

244 2200 349 2272 πλους
372 2191 409 2260 δέ
431 2195 490 2278 τῆς
508 2190 640 2282 Θρᾴκης
662 2188 727 2259 όιπῦ
747 2192 948 2279 Στρυμόνος
969 2197 1121 2280 ποταμοῦ
1144 2195 1239 2280 μέχρι
1254 2196 1389 2279 Σηστοῦ

246 2298 309 2367 δύο
333 2297 468 2386 ἡμέραν
490 2299 546 2366 καὶ
569 2301 702 2366 νυκτῦν
726 2297 801 2384 δύο,
825 2297 890 2365 ὰπὸ
911 2299 948 2367 δέ
962 2304 1099 2386 Σηστοῦ
1113 2301 1208 2387 μέχρι
1228 2298 1390 2386 στόματος

245 2410 306 2474 τοῦ
330 2405 469 2473 Πόντου
498 2404 560 2472 ῦόο
589 2402 723 2493 ἡμεροῦν
750 2407 805 2472 καὶ
828 2409 960 2474 νυκτῶν
985 2406 1058 2492 δύο,
1082 2405 1146 2474 ὰπὸ
1171 2406 1208 2474 δέ
1230 2409 1292 2474 τοῦ
1315 2404 1389 2472 στό-

245 2537 346 2598 ματος
369 2513 463 2600 μέχρι
486 2515 547 2578 τοῦ
570 2509 706 2598 Ἴστρου
723 2516 874 2599 ποταμοῦ
896 2510 1030 2600 ἡμεροῦν
1052 2517 1155 2600 τριῶν
1178 2513 1233 2580 καί
1256 2515 1389 2580 νυκτῶν

244 2620 356 2705 τριῦν.
397 2615 433 2684 Ὁ
456 2616 586 2705 σῦμπας
608 2624 788 2706 περίπλους
810 2617 875 2686 ὰπὸ
891 2605 1022 2709 Θρᾴκης
1041 2621 1097 2688 καὶ
1114 2623 1266 2706 ποταμοῦ
1282 2627 1388 2705 Στρυ-

243 2726 347 2813 μόνος
361 2727 456 2813 μέχρι
480 2729 541 2794 τοῦ
554 2723 691 2811 Ἴστρου
706 2730 860 2813 ποταμοῦ
876 2723 999 2816 ἑπτὰῙῙ)
1019 2725 1152 2814 ἡμεροῦν
1167 2726 1222 2794 καί
1240 2724 1318 2794 ἑπτὰ
1331 2752 1389 2792 νυ-

242 2837 339 2902 κτῶν.
368 2836 420 2900 69.
438 2830 535 2900 Μετὰ
555 2832 592 2899 δὲ
611 2829 746 2922 Θρᾴκην
769 2833 855 2899 είσλν
872 2829 1008 2900 Σκύθαι
1027 2837 1129 2911 ἔθνος
1147 2833 1202 2898 καί
1221 2831 1333 2910 πόλεις
1352 2833 1388 2899 ἐν

245 2937 359 3019 αὐτοῖς
385 2935 578 3025 Ἑλληνίδες
604 2941 693 3006 αἵδε·
726 2939 826 3027 Τόρις
852 2939 907 3006 καί
931 2937 1139 3026 ποταμόςῃ),
1167 2937 1388 3026 Νικώνιονω)

243 3045 348 3133 πόλις,
364 3043 526 3132 Ὀφιοῦσα
544 3045 648 3124 πόλις.
683 3043 754 3114 Ἐπὶ
779 3045 816 3113 δέ
838 3049 877 3134 τῇ
894 3049 1049 3134 Σκυθικῇ
1074 3047 1244 3112 ἐποικοῦσι
1263 3048 1387 3131 Ταῦροι

244 3158 351 3236 ἔθνοςΙ
360 3149 569 3239 ἀκρωτήριον
583 3156 642 3237 τῆς
656 3149 808 3239 ἠπείρου·
824 3156 871 3230 τίς
884 3150 1054 3218 θάλατταν
1072 3151 1110 3218 δὲ
1123 3149 1160 3218 τὸ
1178 3149 1388 3238 ἀκρωτήριόν

244 3259 321 3325 ἐστι.
360 3255 416 3324 Ἐν
437 3256 474 3324 δὲ
491 3260 531 3345 τῇ
550 3262 696 3346 Ταυρικῇ
717 3262 868 3325 οίκοῦσιν
883 3255 1054 3346 Ἕλληνες,
1076 3258 1132 3324 καὶ
1150 3256 1246 3336 πόλις
1267 3255 1328 3343 ἥδε
1336 3257 1388 3346 14)·

244 3362 458 3451 Χερρόνησος
481 3361 656 3450 ἐμπόριον·
679 3367 790 3449 Κριοῦ
813 3365 975 3448 μέτωπον,
999 3361 1209 3452 ἀκρωτήριον
1226 3368 1285 3449 τῆς
1304 3370 1387 3429 Ταυ-

243 3474 346 3556 ρικῆς.
392 3467 488 3537 Μετὰ
512 3469 549 3537 δὲ
571 3467 675 3538 ταῦτὰ
698 3475 762 3537 είσι
786 3469 922 3538 Σκῦθαι
944 3468 1058 3538 πάλιν·
1082 3469 1194 3549 πόλεις
1218 3469 1255 3537 δὲ
1273 3467 1386 3555 Ἑλλη-

315 3723 340 3792 1)
360 3715 376 3775 ῦ
395 3720 502 3791 adjecit
520 3719 689 3776 Clausenius.
711 3751 745 3760 -
764 3721 792 3788 2)
810 3715 978 3788 τετρακόσια
999 3713 1195 3790 ἑβδομήκοντα
1214 3719 1386 3790 LapieuS.-
1458 3783 1463 3791 Ι

242 3813 269 3879 3)
288 3812 394 3880 χανίαι.
414 3841 446 3848 -
467 3811 494 3877 4)
513 3803 644 3877 ῦαμινόν,
663 3825 716 3862 em.
736 3807 764 3862 0.
784 3809 879 3864 Muell.
900 3840 933 3848 —
953 3812 980 3877 5)
999 3807 1052 3862 Hie
1071 3808 1175 3862 exoidit
1194 3807 1252 3863 sive
1270 3808 1387 3863 consilio

243 3899 302 3953 sive
320 3916 387 3954 ουου
405 3897 533 3967 Byzantii
552 3897 656 3953 mentio
676 3897 789 3967 aliaque
808 3898 844 3952 οῦ
861 3899 934 3954 hanc
952 3899 1049 3953 urbem
1068 3898 1233 3968 spectantia,
1252 3899 1285 3952 ut
1303 3913 1389 3967 supra

243 3993 267 4052 θ.
288 3994 313 4042 8.
337 3988 426 4041 Roma
444 3987 545 4042 iterum
564 3987 735 4042 nominanda
754 3988 823 4042 οιολ.
842 4018 874 4026 --
891 3989 917 4056 6)
938 3981 1072 4052 ἑξακόσια
1090 3985 1191 4040 maluit
1209 3985 1338 4055 Lapieus.
1354 4017 1386 4026 -

243 4080 270 4146 7)
290 4074 376 4148 ίλθης
394 4076 500 4132 emend.
519 4092 570 4145 pro
589 4073 660 4147 ἔλθη
681 4074 866 4130 0.Mu011.-
882 4077 909 4143 8)
929 4069 1120 4129 ἑπτακαίδεκα
1139 4073 1239 4129 maluit
1257 4073 1386 4143 Lapieus.

242 4197 275 4207 -
295 4167 322 4234 9)
341 4160 516 4234 ὀδητότολις,
536 4183 587 4220 em.
607 4165 726 4219 Palmer.
746 4193 779 4202 -·
801 4166 844 4232 10)
864 4159 1005 4233 κοίλλαβις,
1024 4181 1076 4218 em.
1096 4164 1176 4218 Voss.
1196 4196 1229 4204 -
1250 4166 1293 4232 11)
1313 4157 1386 4218 όκταί

241 4254 333 4309 bisin
351 4254 455 4320 codice,
481 4255 587 4309 emend.
609 4253 637 4307 0.
657 4251 753 4307 Muell.
774 4284 805 4292 —
827 4255 872 4322 12)
899 4253 1009 4322 τρίτσης
1032 4273 1107 4324 τοτ,
1131 4271 1183 4308 em.
1207 4253 1332 4308 Bursian.
1354 4283 1386 4292 -

243 4345 286 4413 13)
304 4345 438 4400 νεονείων
456 4339 559 4406 πόλεις.
581 4374 611 4381 -
634 4343 677 4412 14)
696 4340 745 4396 καί
763 4337 843 4404 πόλις
862 4342 933 4396 αἵδε.
