3256 5102
676 325 893 388 -11„

216 473 264 557 ὧν
294 487 356 570 έχω
384 487 489 551 εἰπεῖν
517 481 557 551 τά
587 480 734 568 ὀνόματα
761 521 798 531 -
824 483 888 549 εἰσὶ
917 480 954 548 δέ
980 475 1035 547 καὶ
1058 479 1156 556 άλλαι
1184 479 1358 568 άνόνυμοι

215 594 349 657 πολλαί·
374 629 415 638 -
430 587 555 673 ’Ἰστρις
563 589 587 672 1)
609 591 727 674 νῆσος,
759 589 893 675 μῆκοςῖ)
916 591 1063 656 σταδίων
1081 593 1282 672 τριακοσίων
1304 589 1359 656 καὶ

215 697 309 782 δέκα,
336 695 459 774 πλάτος
490 694 527 762 δὲ
550 695 667 764 ἑκατὸν
691 705 833 782 εἴκοσιν,
858 695 1110 784 Ἠλεκτρίδεςῧ),
1138 699 1360 781 Μεντορίδες·

129 830 133 842 “
215 794 314 872 αῦται
338 801 375 869 δὲ
395 805 431 868 αλ
447 805 550 887 νῆσοί
560 805 625 869 είσι
639 800 787 887 μεγάλαι.
825 800 1044 888 Καταρβάτης
1058 801 1212 890 ποταμός.
1245 801 1359 889 Παρά-

214 917 319 987 πλονς
340 911 399 994 τῆς
422 911 630 994 Λιβυρνίδας
652 906 761 994 χώρας
783 905 917 995 ἡμερῶν
941 907 1012 976 δῦο.
1058 912 1110 976 23.
1133 907 1229 978 Μετά
1250 909 1287 977 δέ
1303 915 1360 976 Λι-
1412 957 1414 962 ,

198 1003 364 1100 Δβυρνοῦς
386 1018 472 1082 εἰσιν
492 1011 650 1101 Ἰλλυριοὶ
680 1019 795 1100 ἔθνος,
823 1015 879 1082 καὶ
906 1019 1126 1101 παροικοῦσιν
1151 1019 1185 1082 ολ
1203 1012 1360 1100 Ἰλλυριοὶ

214 1117 303 1206 παρά
325 1119 494 1188 θάλατταν
516 1122 610 1207 μέχρι
632 1121 811 1209 Χαονίας4)
834 1124 893 1206 τῆς
914 1117 997 1187 κατά
1012 1123 1189 1208 Κέρκυραν
1212 1119 1274 1207 τὴν
1290 1118 1360 1187 Ἀλ-

215 1227 334 1296 κινόον
357 1231 473 1314 νῆσον.
511 1229 579 1295 Καὶ
607 1227 703 1306 πόλις
727 1228 816 1296 ἐστὶν
836 1225 989 1315 Ἑλληνὶς
1016 1229 1180 1314 ἐνταῦθα,
1208 1220 1229 1315 ᾖ
1253 1226 1361 1314 ὄνομα

211 1333 403 1423 Ἡράκλεια,
426 1335 481 1402 καί
504 1334 614 1422 λιμήν.
655 1335 733 1402 Εἰσὶ
757 1334 794 1402 δέ
816 1335 871 1401 καὶ
896 1338 931 1401 οί
951 1335 1142 1422 λωτοφάγοι
1159 1333 1361 1421 καλούμενοι

217 1440 383 1528 βάρβαροι
404 1443 491 1514 οἵδε·
512 1437 788 1529 Ἰαδερατῆναι5),
812 1447 982 1510 Βουλινοί.
1025 1445 1202 1511 Βουλινῦν
1226 1439 1361 1528 ὁμοτέρ-

216 1547 348 1637 μονεςθ)
359 1545 484 1615 Ὕλλοι·
509 1538 602 1616 οῦτοι
623 1554 627 1631 Ι
649 1550 689 1616 δέ
701 1567 806 1634 φασιν
817 1545 939 1616 Ὕλλον
953 1547 1014 1616 τὸν
1024 1545 1226 1636 Ἡρακλέους
1239 1544 1362 1626 αὐτοῦς
1380 1547 1435 1601 8H.

216 1652 353 1742 adtoffl)
381 1658 587 1741 κατοικῆσαι·
618 1655 682 1721 είσὶ
707 1653 743 1721 δὲ
766 1653 945 1743 βάρβαροι·
973 1657 1164 1721 κατοικοῦσι
1188 1651 1225 1720 δέ
1248 1653 1362 1741 χερῤό-

220 1781 327 1848 νησον
351 1759 454 1852 ὀλίγῳ
478 1759 600 1830 ἐλάττω
624 1764 682 1846 τῆς
704 1761 957 1848 Πελοπονήσον.
991 1757 1068 1826 Ἀπδ
1095 1757 1132 1824 δέ
1154 1757 1363 1845 χερρονήσου

216 1871 320 1953 νῆσος
337 1873 527 1953 παρατείνει
548 1864 593 1946 ὡς
613 1867 779 1955 ταινίονῧ)
794 1865 920 1954 ὀρθόν·
942 1865 1046 1953 ταότη
1061 1867 1262 1950 παροικοῦσι
1276 1871 1362 1932 Βον-

217 1979 315 2041 λινοί.
352 1973 512 2040 Βουλινοὶ
547 1971 578 2039 δ’
611 1974 697 2040 εἰσὶν
725 1978 827 2053 ἔθνος
856 1970 1050 2059 Ἰλλυρικόν.
1093 1971 1298 2059 Παράπλονς
1328 1967 1359 2036 δ’

217 2081 285 2147 ἐστὶ
308 2084 367 2166 τῆς
380 2083 557 2148 Βουλινῶν
581 2078 691 2166 χώρας
713 2076 837 2165 ἡμέρας
855 2082 990 2165 μακράς.
1024 2076 1095 2144 Ἐπὶ
1114 2079 1246 2146 Νέστον
1265 2101 1362 2144 ποτα-

217 2185 282 2274 μὸν
302 2185 505 2273 Νεσταῐοιθ).
538 2183 616 2254 Ἀπὸ
641 2185 678 2252 δὲ
706 2187 839 2252 Νέστου
857 2189 961 2264 πλοῦς
984 2185 1053 2252 ἐστὶ
1075 2183 1258 2269 κολπώδης.
1294 2190 1363 2250 Κα-

218 2303 321 2362 λείται
346 2293 383 2360 δέ
398 2291 533 2372 Μάνιος
556 2290 641 2372 ῦπας
665 2283 762 2371 οὗτος
785 2289 953 2370 δκόλπος.
990 2289 1195 2378 Παράπλονς
1214 2288 1245 2357 δ’
1273 2291 1363 2358 ἐστὶν

216 2399 340 2487 ἡμέρας
354 2403 439 2485 μιᾶς.
485 2403 537 2466 24.
560 2401 638 2466 Εἰσὶ
663 2397 694 2465 δ’
720 2401 757 2466 έν
781 2397 887 2488 τούτῳ
911 2402 956 2487 τῷ
979 2397 1137 2488 κόλπῳῙΟ)
1161 2401 1261 2484 νῆσοι
1279 2403 1361 2484 Τρα-
1417 2437 1424 2446 -

220 2505 387 2592 γυράςλλ),
411 2511 586 2592 Κρατειαί,
609 2506 815 2592 Βραττίαῑλ),
835 2502 974 2573 Ὀλάντα
989 2543 1030 2553 -
1046 2496 1143 2572 αῦται
1167 2501 1198 2570 δ’
1224 2499 1281 2570 ἀπ’
1306 2501 1363 2570 άλ-

217 2613 333 2699 λήλων
348 2603 507 2699 άπέχουσι
522 2612 641 2680 στάδια
656 2611 718 2680 δύο
739 2609 759 2698 ἢ
782 2609 886 2702 ὀλίγῳ
900 2620 1015 2680 πλεῖον
1028 2652 1065 2662 -
1078 2609 1161 2680 κατά
1178 2610 1294 2697 Φάρον
1307 2611 1363 2678 καὶ

207 2718 336 2788 Ἴσσαν.
369 2717 538 2788 Ἐνταῦθα
561 2718 626 2806 γάρ
649 2722 718 2788 ἐστι
742 2721 818 2799 νέος
844 2717 970 2806 Φάρος,
993 2716 1282 2806 νῆσοςἘλληνίς,
1308 2718 1364 2785 καὶ
1412 2752 1419 2764 ·

209 2825 305 2894 Ἴσσα
328 2830 444 2912 νῆσος·
468 2826 523 2892 καὶ
546 2827 658 2903 πόλεις
675 2821 868 2910 Ἑλληνίδες
890 2816 996 2892 αῦται.
1032 2825 1124 2910 Πρὶν
1148 2825 1199 2892 ἐπὶ
1218 2823 1278 2892 τὸν
1292 2823 1363 2891 Νά-

220 2934 357 3021 ρωναῑθ)
384 2929 535 3018 ποταμὸν
562 2935 807 3017 παραπλεῦσαι,
833 2930 1058 3020 πολληηόρα
1085 2931 1201 3019 ἀνήκει
1230 2929 1385 3016 σφόδρα

218 3044 265 3118 είς
300 3038 481 3107 θάλατταν.
527 3039 595 3106 Καὶ
629 3042 734 3124 Ινῆσος
764 3043 827 3126 τῆς
853 3045 1017 3127 παραλίας
1052 3039 1160 3127 χώρας
1192 3037 1318 3132 ἐγγύς)
1342 3029 1363 3126 ᾗ

219 3145 326 3233 ὄνομα
351 3151 489 3230 Μελίτη.
527 3146 594 3212 Καὶ
619 3147 712 3234 ἑτέρα
735 3149 838 3231 νῆσος
852 3145 950 3232 ἐγγύς
963 3145 1097 3233 ταύτης,
1120 3137 1263 3234 ᾐόνομα
1279 3146 1363 3230 Κέρ-

218 3279 304 3340 κυρα
327 3249 347 3338 ἡ
372 3252 525 3338 μέλαινα·
548 3252 603 3318 καλ
618 3253 760 3339 ἐκτρέχει
773 3256 818 3344 τῷ
835 3253 885 3320 ἑνὶ
899 3255 968 3320 τῶν
983 3250 1244 3339 άκρωτηρίωνῙ4)
1260 3255 1362 3337 νῆσος

219 3357 302 3446 αῦτη
330 3361 388 3444 τῆς
415 3362 579 3444 παραλίας
601 3356 711 3446 χώρας
734 3357 884 3446 σφόδρα,
913 3363 957 3449 τῳ
984 3357 1021 3426 δὲ
1045 3359 1144 3450 ἑτέρῳ
1168 3355 1362 3449 άκρωτηρίῳ

293 3632 318 3694 1)
337 3622 451 3695 εἷστρις,
471 3643 523 3681 em.
543 3625 572 3682 O.
587 3626 682 3682 Muell.
701 3657 737 3666 -
755 3629 782 3694 2)
802 3625 889 3695 μῆκος
907 3625 970 3680 add.
986 3626 1014 3681 O.
1029 3626 1125 3680 Muell.
1145 3657 1177 3664 -
1198 3628 1225 3695 3)
1245 3627 1364 3694 κλείτρει

219 3715 317 3784 λιτρία.
337 3745 366 3753 ·—
389 3717 417 3784 4)
435 3718 566 3784 χλωνίας,
585 3732 637 3770 em.
657 3715 736 3771 Voss.
756 3745 789 3754 -
810 3717 838 3783 5)
857 3709 1057 3784 ἴεραστάμναι,
1075 3732 1128 3770 em.
1145 3714 1173 3770 C.
1191 3715 1296 3783 Muell„
1316 3717 1364 3785 qui

220 3805 284 3872 post
301 3807 381 3859 Βονλ.
401 3806 476 3860 recte
495 3821 593 3860 vocem
604 3797 726 3858 Ὕλλινοι
742 3804 824 3860 delet.
839 3834 875 3844 -
890 3807 916 3872 6)
936 3802 1142 3874 λινοιέρμονες,
1161 3821 1214 3858 em.
1229 3803 1364 3870 Clausen,

220 3891 365 3956 Koldsserus
380 3893 481 3948 maluit
494 3881 714 3963 κοιῦοτέρμονες.
730 3924 764 3932 -
776 3896 802 3962 7)
818 3893 882 3962 τοῦ,
898 3911 951 3948 em.
965 3893 1090 3946 Bursian.
1102 3924 1134 3932 -
1146 3897 1173 3962 8)
1187 3913 1260 3962 χερρ.
1275 3912 1364 3961 παρα-

163 4051 166 4058 ·
218 3974 329 4032 στόνιον
353 3975 456 4047 ὀρθόν·
487 3978 606 4050 ταύτην,
635 3981 757 4052 praeivit
776 3980 803 4038 C.
825 3982 964 4038 Muell.-
987 3984 1013 4046 9)
1028 3977 1129 4036 νεστὸν
1143 3977 1250 4035 κόλπον
1264 3983 1363 4037 νιστοί.

221 4069 250 4123 C.
265 4067 361 4122 Muell.
377 4067 477 4122 edidit:
492 4071 602 4139 μακράς
616 4066 663 4126 έπλ
673 4069 785 4126 Νέστον
799 4066 935 4140 ποταμόν.
950 4072 1105 4125 ΝΕΣΤΟΙ.
1123 4065 1184 4124 'Ana
1200 4068 1232 4124 δέ
1243 4067 1363 4125 Νέστου.

221 4187 254 4196 -
275 4159 319 4226 10)
337 4150 428 4227 τόπῳ,
448 4174 499 4214 em.
516 4159 600 4215 snm.
620 4190 654 4200 -
675 4162 717 4224 11)
737 4155 887 4228 προτεράς,
907 4176 959 4213 em.
975 4158 1004 4214 G.
1018 4159 1113 4214 Muell.
1129 4191 1162 4198 —
1179 4163 1223 4228 12)
1237 4164 1285 4227 Βρ.
1299 4159 1363 4213 αδδ.

221 4245 373 4313 0.M11ell.,
393 4245 489 4315 quiin
507 4247 640 4316 proximis
659 4243 731 4302 ὀκτώ
750 4265 801 4318 pro
814 4245 874 4313 Ιδυό
894 4248 1021 4318 conjecit.
1042 4279 1075 4288 —
1095 4251 1139 4316 13)
1159 4242 1256 4317 άρωνα
1274 4247 1364 4302 hicet

151 4367 153 4371 -
221 4349 291 4388 mox.
312 4365 344 4374 -
365 4336 409 4404 14)
429 4331 539 4407 ἐρρέχει
557 4336 622 4406 περὶ
641 4335 671 4391 τὸ
691 4333 878 4409 ἀκρωτήριον,
900 4355 953 4394 em.
975 4337 1003 4393 C.
1023 4339 1117 4393 Muell.
