3256 5102
682 321 899 384 ..25-

217 486 326 559 ἔθνος.
363 477 457 547 Μετὰ
483 476 513 546 δ’
537 475 687 565 Ἀχαιοὰς
705 475 854 564 Ἡνίοχοι
871 482 980 556 ἔθνος.
1017 474 1112 544 Μετὰ
1135 476 1171 544 ei
1189 473 1366 562 Ἡνιόχους

217 587 365 674 Κοραξοὶ
389 586 531 674 ἔθνοςῙ).
568 580 664 652 Μετὰ
682 583 719 651 δὲ
733 581 907 669 Κοραξούς
921 581 1090 671 Κωλιιιηέ)
1114 588 1224 662 ἔθνος.
1244 592 1249 667 Ι
1269 581 1365 651 Μετὰ
1375 605 1408 653 32
1424 599 1456 652 H.

217 691 254 759 δὲ
286 690 445 778 Κωλικην
477 691 728 778 Μελάγχλαινοι
767 696 883 775 ἔθνος,
919 690 974 757 καὶ
1005 686 1152 776 ποταμὸς
1184 690 1220 756 ἔν
1253 685 1366 768 αὐτοῖς

218 799 419 884 Μετάσωρις
441 799 496 866 καὶ
521 802 675 884 Αίγίπιος
703 795 857 883 ποταμός.
903 794 999 864 Μετὰ
1029 795 1065 864 δὲ
1088 801 1366 883 Μελαγχλαίνους

219 905 408 993 Γελωνοίέ).
445 902 540 972 Μετὰ
561 903 598 972 δὲ
616 902 756 982 τούτους
770 886 896 990 Κόλχοι
916 908 1018 981 ἔθνος
1037 901 1092 970 καὶ
1107 900 1365 992 Διοσκουριὰςέ)

217 1012 312 1092 πόλις
339 1012 394 1079 καὶ
427 1009 555 1097 Τυηνὸς
587 1009 683 1090 πόλις
710 1007 863 1096 Ἑλληνὶς
889 1010 944 1076 καὶ
977 1009 1106 1096 Τυηνός
1138 1007 1285 1098 ποταμὸς
1311 1009 1366 1077 καὶ

219 1119 380 1207 Χερόβιος
403 1117 559 1204 ποταμός,
583 1117 732 1206 Χῶβοςῧ)
755 1115 914 1204 ποταμός,
929 1121 1064 1204 Χαρίεις
1085 1119 1241 1204 ποταμός,
1262 1121 1367 1196 Φᾶσις

218 1225 365 1313 ποταμός
392 1226 447 1291 καὶ
478 1228 585 1302 Φάσις
608 1221 761 1309 Ἑλληνὶς
788 1222 898 1306 πόλις,
931 1224 986 1290 καὶ
1016 1221 1187 1304 άνάπλους
1213 1221 1277 1291 άνὰ
1305 1222 1365 1291 τόν

218 1330 368 1420 ποταμὸν
402 1334 548 1398 σταδίων
586 1328 703 1397 ἑκατόν
737 1327 944 1416 ὀγδοήκοντα
975 1334 1022 1408 είς
1053 1329 1152 1397 πόλιν
1185 1329 1366 1418 μεγάληνθ)

220 1437 408 1525 βάρβαρον,
438 1433 521 1503 ὅθεν
545 1432 565 1522 ἡ
590 1433 725 1522 Μήδεια
748 1427 800 1522 ἦν.
836 1432 1006 1503 Ἐνταύθά
1035 1438 1102 1504 ἔστι
1121 1433 1187 1516 Ῥὶς
1210 1435 1367 1522 ποταμός,

218 1543 303 1624 ’Ἰσις
325 1542 482 1629 ποταμός,
498 1546 640 1630 Ληστῶν
663 1541 820 1629 ποταμός,
834 1541 984 1630 ’Ἄψαρος
1006 1543 1161 1630 ποταμός.
1198 1546 1248 1612 72.
1271 1543 1367 1611 Μετὰ

140 1653 145 1664 ’
221 1652 258 1720 δὲ
280 1649 358 1730 τούς
378 1649 532 1735 Κόλχους
550 1648 696 1733 Βύζηρες
720 1653 821 1726 ἔθνος
843 1650 899 1714 καὶ
920 1647 1122 1734 Ἀρχαβὰνέ)
1145 1647 1290 1735 ποταμὸς
1311 1652 1367 1716 καὶ

220 1758 340 1845 Ἀρίων
367 1754 522 1842 ποταμός.
573 1750 669 1822 Μετὰ
702 1752 738 1820 δὲ
765 1749 925 1838 Βύζηράς
944 1751 1149 1840 Ἐκεχειριεϊς
1181 1759 1282 1834 ἔθνος
1312 1758 1368 1824 καὶ

221 1861 369 1949 ποταμὸς
392 1861 566 1947 Πορθανλς
588 1861 642 1927 καὶ
663 1857 796 1946 Ἀραβλς
818 1859 975 1947 ποταμός,
1000 1867 1110 1949 Λίμνη
1134 1860 1240 1947 πόλις,
1261 1859 1366 1949 Ἀθιη-

72 2031 78 2036 .
219 1968 313 2054 νὸςὸ)
337 1967 433 2047 πόλις
451 1965 612 2053 Ἑλληνίς.
650 1963 744 2033 Μετὰ
768 1965 799 2033 θ’
822 1965 1028 2055 Ἐκεχειριεϊς
1050 1970 1200 2055 Βέχειροι
1228 1969 1232 2058 )
1258 1975 1367 2058 ἔθνος,
1378 1991 1411 2038 33
1427 1985 1460 2040 H.

150 2125 152 2130 -
218 2073 408 2164 Βεχειριιιὸς
431 2073 549 2161 λιμήν,
577 2070 778 2161 Βεχειριὰς9)
808 2071 903 2151 πόλις
922 2071 1081 2160 Ἑλληνίς.
1124 2075 1219 2142 Μετὰ
1248 2075 1285 2144 ὰέ
1308 2084 1368 2144 Βε-
1535 2064 1538 2076 ’

220 2189 352 2271 χείρους
375 2182 637 2266 Μακροκέφαλοι
666 2184 768 2258 ἔθνος
795 2179 849 2246 καὶ
878 2183 1011 2266 Ψωρῶν
1034 2179 1151 2268 λιμήν,
1184 2188 1370 2269 Τραπεζοῦς

218 2290 314 2367 πόλις
332 2286 494 2373 Ἑλληνίς.
532 2283 626 2353 Μετὰ
647 2285 684 2353 δὲ
702 2284 995 2372 Μακροκεφάλους
1012 2286 1248 2356 Μοσσύνοικοι
1268 2295 1369 2370 ἔθνος

219 2397 275 2463 καὶ
295 2393 461 2481 Ζεφύριος
480 2390 597 2478 λιμήν,
624 2389 787 2477 Χοιράὰες
809 2390 905 2470 πόλις
923 2387 1090 2478 Ἑλληνίς,
1108 2391 1235 2480 ’Ἁρεως
1256 2400 1369 2481 νῆσος.

221 2493 323 2570 Οὗτοι
347 2499 409 2588 όρη
432 2502 657 2567 κατοικοῦσιν.
703 2495 798 2565 Μετὰ
828 2497 865 2565 δὲ
887 2505 1149 2579 Μοσσυνοίκους
1175 2506 1278 2580 ἔθνος
1301 2502 1369 2568 ἐστὶ

224 2612 414 2694 Τιβαρηνοί.
460 2603 557 2673 Μετὰ
586 2603 623 2672 δὲ
655 2601 864 2693 Τιβαρηνούς
891 2604 1043 2690 Χάλυβές
1071 2609 1157 2674 είσιν
1186 2612 1287 2686 ἔθνος
1313 2608 1368 2674 καὶ

222 2713 412 2801 Γενήτηςῑθ)
445 2709 545 2798 λιμὴν
567 2709 732 2795 κλειστός,
756 2712 989 2801 Σταμένειαῑῑ)
1012 2711 1107 2792 πόλις
1129 2711 1282 2799 Ἑλληνὶς
1313 2715 1368 2781 καὶ

211 2819 364 2888 Ι’λασονία
396 2815 576 2903 ἀκρόπολις
608 2818 769 2903 Ἑλληνί.
823 2817 919 2885 Μετὰ
958 2819 994 2886 δὲ
1027 2819 1184 2905 Χάλυβας
1212 2819 1370 2906 Ἀσσυρία

221 2929 311 2996 ἐστὶν
336 2931 439 3002 ἔθνος
456 2924 511 2991 καὶ
530 2923 676 3012 ποταμὸς
699 2923 889 3010 Θερμώδων
911 2925 966 2991 καὶ
989 2924 1086 3006 πόλις
1103 2925 1257 3013 Ἑλληνὶς
1276 2935 1371 3014 Θεμί-

222 3054 343 3121 σκυρα,
367 3031 539 3110 Λύκαστος
563 3028 709 3117 ποταμὸς
731 3031 786 3097 καὶ
804 3030 900 3109 πόλις
919 3028 1087 3118 Ἑλληνίς,
1103 3031 1203 3112 ’Ἅλυς
1226 3032 1373 3120 ποταμὸς

221 3141 276 3209 καὶ
300 3138 483 3226 Κάρουσσα
506 3137 602 3217 πόλις
620 3131 783 3223 Ἑλληνίς,
807 3136 946 3223 Σινώπη
966 3137 1062 3217 πόλις
1080 3136 1242 3225 Ἑλληνίς,
1266 3145 1373 3226 Κερα-

223 3251 304 3326 σοῦς
330 3244 426 3323 πόλις
447 3241 601 3329 Ἑλληνὶς
628 3243 683 3310 καὶ
709 3240 895 3330 Ὀχέραινος
923 3243 1083 3330 ποταμός,
1106 3242 1248 3331 Ἁρμένη
1277 3244 1374 3324 πόλις

216 3350 371 3438 Ἑλληνὶς
398 3349 453 3417 παλ
481 3347 598 3436 λιμήν,
632 3346 787 3435 Τετράαις
804 3346 900 3428 πόλις
917 3346 1078 3436 Ἑλληνίς.
1107 3357 1112 3432 Ι
1143 3354 1193 3418 73.
1216 3350 1312 3419 Μετὰ
1338 3350 1368 3417 θ’
1382 3373 1416 3421 34
1431 3368 1464 3421 Η,

220 3456 399 3544 Ἀσσυρίαν
428 3457 496 3524 ἔστ)
524 3460 749 3541 Παφλαγονία
783 3460 892 3534 ἔθνος.
928 3453 1023 3526 ’Ἐστι
1052 3454 1083 3524 δ’
1115 3459 1151 3525 ἔν
1180 3455 1263 3546 αὐτῇ
1293 3465 1373 3526 Στε-

230 3621 305 3628 .--.-
324 3622 441 3628 -.-——

227 3715 230 3722 “
299 3707 325 3774 1)
344 3704 438 3759 Verba
452 3699 533 3758 Μετὰ
549 3701 580 3758 δὲ
593 3697 650 3758 Ἦν.
666 3709 699 3762 K.
716 3701 760 3761 ἔθ.
776 3704 890 3761 οτττίλέἱλ.
907 3736 937 3744 -
955 3707 982 3776 2)
997 3703 1094 3776 αορινι)
1110 3708 1139 3761 ei
1157 3725 1221 3763 mox
1241 3703 1371 3777 κωριιιην.
1468 3749 1472 3758 .

226 3827 259 3835 -
275 3797 302 3863 3)
317 3792 443 3864 γέλωνες.
459 3823 492 3832 -
508 3797 535 3863 4)
551 3793 709 3863 θιοσκονρλς
727 3797 756 3849 ei
770 3812 835 3848 mox
852 3794 895 3849 bis
913 3791 1025 3864 γυηνός,
1044 3796 1073 3850 C.
1088 3797 1237 3851 Muellerus
1251 3797 1373 3866 priorem

226 3900 324 3937 vocem
341 3882 465 3951 retinuit,
484 3882 602 3936 alteram
621 3886 730 3938 mutare
749 3882 861 3949 meluii3
881 3899 932 3952 ego
952 3884 1067 3938 mutavi.
1090 3917 1118 3922 --
1141 3887 1166 3953 ο)
1186 3880 1269 3953 χόρσο
1289 3916 1321 3923 -
1343 3887 1372 3939 et

225 3990 290 4028 mox
309 3967 387 4042 άριος
405 3989 456 4041 pro
474 3975 597 4043 Χαρίεις.
620 4003 649 4012 -
671 3975 697 4042 6)
717 3976 807 4042 μαλην
825 3967 957 4040 μεγάλην.
978 4001 1011 4012 -
1032 3975 1058 4043 7)
1077 3973 1243 4041 δαραανῶν,
1270 3990 1322 4028 em.
1342 3974 1371 4028 Ο.

225 4061 352 4116 Mueller.
372 4092 405 4100 -
424 4061 456 4115 In
474 4062 565 4117 verbis
583 4061 717 4130 proximis
730 4061 847 4114 fortasse
862 4055 1005 4130 Πρύτανις
1022 4079 1073 4130 pro
1092 4063 1235 4131 Πορθανίς
1253 4064 1290 4132 et,
1310 4079 1373 4116 eum

226 4150 377 4218 Gronovi0‚
399 4145 502 4220 Ἀθήνη
525 4167 576 4220 pro
599 4151 690 4219 Λίμνη
715 4148 899 4203 scribendum.
928 4181 959 4190 -
990 4151 1017 4218 8)
1041 4145 1183 4220 ὡᾶείνιος,
1202 4168 1235 4206 ex
1253 4150 1372 4205 Arriano

227 4239 379 4294 emendavi.
404 4271 437 4279 —
462 4241 489 4308 9)
509 4233 650 4309 βεχειράς,
674 4255 726 4291 em.
746 4237 824 4294 Voss.
849 4269 882 4278 -
909 4241 952 4308 10)
975 4237 1142 4307 γενέτιντες,
1167 4255 1218 4292 em.
1238 4238 1317 4292 Voss.
1339 4269 1371 4276 -

228 4330 270 4396 11)
284 4323 412 4399 άμένεια,
428 4345 480 4382 em⁴
497 4325 622 4382 Clausen.
639 4357 670 4366 -
687 4327 716 4379 et
735 4343 799 4379 mox
813 4327 891 4382 Voss.
919 4323 1038 4382 Ἰασονία
1056 4345 1107 4397 pro
1122 4323 1233 4382 άσινεία
1247 4327 1369 4396 scripsit.
