3256 5102
706 325 919 389 „24-

241 486 333 561 νίδες
365 480 432 548 αἵδ’
473 484 509 551 ἔν
547 480 643 571 αὐτῇ·
680 486 862 566 Θευδοσία,
900 481 1031 550 Κύταια
1067 484 1123 550 καί
1161 482 1386 574 ΝὐμιγαιονΙ),

152 613 186 660 30
196 607 230 661 H.
242 588 507 674 Παντικάπαιον,
531 588 745 676 Μυρμήκιον.
788 589 991 677 Παράπλους
1015 587 1121 670 εὐθὺς
1141 596 1145 672 Ι
1166 588 1230 657 άπὸ
1250 589 1386 680 Ἴστρου

240 695 293 762 ἐπὶ
316 700 427 784 Κριοῦ
450 698 602 783 μέτωπον
625 699 727 782 τριῶν
756 693 890 783 ἡμερῶν
913 697 969 763 καὶ
997 700 1099 785 τριῶν
1129 701 1272 784 νυκτῶν,
1301 696 1318 767 ὁ
1349 698 1386 766 δέ

239 799 329 889 παρὰ
360 805 424 888 γῆν
458 801 644 882 διπλάσιος·
679 807 747 870 ἔστι
779 801 843 890 γὰρ
874 802 1006 883 κόλπος.
1049 801 1105 872 Ἐν
1136 805 1173 872 δὲ
1200 809 1245 897 τῶ
1273 805 1385 897 κόλπῳ

240 907 347 1000 τούτῳ
371 908 475 996 νῆσός
498 910 581 994 ἔστι,
612 913 714 996 νῆσος
748 906 778 975 δ’
815 908 934 996 ἐρήμη,
966 901 1126 998 ᾗόνομα
1155 911 1282 1000 Λευκὴ,
1315 911 1387 998 ίερὰ

240 1019 301 1084 τοῦ
326 1013 506 1102 Ἀχιλλέως.
548 1012 625 1082 Ἀπδ
648 1015 685 1082 δὲ
709 1019 820 1104 Κριοῦ
844 1014 997 1102 μετώπου
1020 1020 1123 1096 πλοῦς
1147 1021 1194 1096 είς
1217 1018 1387 1086 Παντικά-

239 1146 341 1190 παιον
375 1119 499 1211 ἡμέρας
530 1123 586 1188 καὶ
618 1121 746 1201 νυκτός.
799 1119 876 1189 Ἀπδ
912 1121 949 1189 δὲ
977 1128 1233 1190 Παντικαπαίου
1265 1125 1318 1192 ἐπὶ
1347 1123 1385 1192 τὸ

241 1227 347 1315 στόμα
374 1232 432 1314 τῆς
460 1227 655 1308 Μαιώτιδος
683 1233 802 1316 λίμνης
830 1229 899 1296 ἐστὶ
927 1227 1046 1296 στάδια
1075 1228 1192 1298 ἑκατὸν
1216 1231 1386 1320 είκοσιυέ).

235 1332 281 1401 Ἡ
304 1334 341 1402 δὲ
364 1340 517 1414 Μαιῶτις
544 1339 644 1422 λίμνη
673 1328 801 1420 λε’γὲται
830 1339 876 1414 είς
904 1333 1008 1422 ἥμισυ
1036 1333 1123 1403 εἶναι
1150 1341 1211 1404 τοῦ
1240 1337 1387 1408 Πόντου.

238 1439 294 1509 Ἐν
323 1440 359 1509 δέ
382 1445 421 1530 vy}
436 1440 609 1510 Μαιώτιδι
628 1445 727 1528 λίμνη
748 1438 852 1520 εὐθὺς
871 1444 1057 1510 εἰσπλέοντι
1077 1443 1163 1510 εἰσὶν
1182 1441 1232 1510 ἔπ’
1258 1443 1387 1532 άριστε·
1431 1444 1435 1452 ’

242 1551 302 1633 ρᾶς
325 1546 474 1615 Σκύθαι·
502 1546 691 1633 καθήκουσι
719 1545 782 1633 γὰρ
806 1550 841 1615 ἔκ
864 1551 922 1634 τῆς
946 1551 1007 1629 ἔξω
1031 1547 1200 1635 θαλάττης
1222 1549 1306 1640 ὑπὲρ
1330 1557 1388 1639 τῆς

246 1658 411 1741 Ταυρικῆς
439 1659 486 1734 είς
513 1651 576 1740 τὴν
603 1657 760 1722 Μαιῶτιν
788 1659 920 1741 λίμνην.
965 1653 1061 1722 Μετὰ
1090 1655 1127 1723 δὲ
1155 1655 1295 1737 Σκύθας
1324 1660 1388 1726 είσὶ

243 1760 494 1849 ΣαυρομάταιΒ)
520 1765 621 1840 ἔθνος
643 1762 699 1828 καὶ
721 1759 869 1847 ποταμὸς
897 1760 1034 1842 Τάναις,
1058 1758 1127 1852 δςέ)
1152 1761 1252 1850 ὁρίζει
1273 1761 1387 1833 Ἀσίαν

242 1868 297 1934 καὶ
312 1865 491 1954 Εὐρώπην.
530 1872 580 1935 70.
597 1865 670 1953 Ἀφ’
687 1866 893 1955 Ἡρακλείων
908 1872 1039 1954 στηλῶν
1052 1873 1120 1937 τῶν
1136 1872 1172 1938 ἔν
1186 1875 1226 1959 τῇ
1241 1869 1388 1961 Εὐρώπη

242 1975 455 2060 περιπλέοντι
478 1971 557 2054 τούς
578 1973 725 2053 κόλπους
756 1973 845 2061 παρὰ
869 1979 946 2060 γῆν,
978 1978 1180 2066 λογιζομένῳ
1215 1976 1252 2044 δέ
1279 1976 1388 2066 ῦσαιῧ)

243 2081 468 2168 γεγραμμέναι
483 2081 547 2148 είσὶ
567 2080 684 2161 νύκτες
702 2079 778 2149 ἀντὶ
797 2081 926 2150 τούτων
941 2080 1064 2168 ἡμέρας
1082 2083 1148 2166 καί,
1164 2079 1250 2151 ὅπου
1268 2082 1388 2152 στάδιά

244 2191 308 2254 είσι
335 2189 563 2276 γεγραμμένα,
595 2185 670 2254 άντὶ
698 2192 766 2254 τῶν
795 2193 1022 2254 πεντακοσίων
1051 2191 1197 2254 σταδίων
1224 2186 1387 2275 ἡμεραίον

243 2293 303 2360 τὸν
326 2297 446 2379 πλοῦν,
469 2300 617 2380 γίγνεται
640 2297 699 2380 τῆς
718 2291 882 2381 Εὐρώπης
905 2291 923 2361 ὁ
947 2294 1142 2382 παράπλους
1166 2332 1206 2344 -
1231 2298 1291 2362 τοῦ
1314 2293 1388 2382 ἡμί-

245 2420 328 2480 σεως
357 2402 478 2488 μέρους
500 2403 562 2468 τοῦ
589 2399 729 2468 Πόντου
756 2397 855 2478 όντος
883 2407 959 2466 ίσου
986 2399 1041 2467 καί
1073 2402 1143 2487 τῆς
1163 2400 1387 2493 Μαιώτιδοςθ)

245 2512 363 2593 λίμνης
388 2545 425 2555 -
452 2503 586 2592 ἡμερῶν
616 2504 733 2574 ἑκατὸν
759 2505 965 2592 πεντήκοντα
996 2511 1109 2592 τριῶν.
1160 2509 1324 2595 Μέγιστοι
1353 2509 1391 2578 δὲ

245 2619 390 2700 ποταμοί
406 2617 492 2685 είσιν
512 2615 548 2681 ἔν
567 2617 606 2702 vy}
621 2611 767 2701 Εὐρώπη
790 2609 808 2680 δ
833 2610 965 2698 Τάναϊς,
990 2610 1160 2700 δ’Ίστρος,
1175 2613 1201 2688 ,ὁ
1222 2612 1390 2696 Ῥοδανός.

116 2736 121 2746 ’
157 2737 190 2786 31
202 2734 236 2787 Η.
339 2720 343 2809 l
370 2725 420 2788 71.
445 2716 523 2786 Ἀπὸ
551 2717 718 2799 Τανάϊδος
741 2718 778 2786 δέ
800 2722 952 2806 ποταμοῦ
974 2717 1108 2808 άρχεται
1132 2715 1152 2806 ἡ
1175 2718 1276 2788 Ἀσία.
1299 2780 1302 2784 .
1322 2723 1390 2789 Καὶ

246 2831 379 2914 πρῶτον
403 2831 505 2906 ἔθνος
528 2823 630 2913 αὐτῆς
654 2828 744 2894 ἐστιν
769 2825 806 2894 ἔν
829 2830 874 2918 τῶ
901 2825 1023 2918 Πόντῳ
1044 2826 1275 2916 Σαυρομάται·
1299 2835 1389 2895 Σαυ-

247 2938 401 3022 ροματῶν
427 2931 458 2998 δ’
486 2933 576 3001 ἐστὶν
600 2937 703 3012 ἔθνος
716 2932 1097 3019 γυναικοκρατούμενον.
1138 2938 1213 3002 Τῶν
1234 2961 1390 3020 γυναικο-

246 3042 484 3128 κρατουμέυωυ
509 3044 640 3126 ἔχονται
667 3041 828 3106 Μαιῶται.
870 3035 967 3105 Μετὰ
991 3037 1028 3104 δὲ
1055 3038 1213 3118 Μαιώτας
1236 3041 1391 3130 Σινδοὶέ)

248 3154 357 3226 ἔθνος.
397 3146 564 3233 Διήκουσι
582 3143 647 3233 γὰρ
667 3136 760 3212 οὗτοι
782 3145 837 3212 καὶ
861 3149 908 3224 είς
930 3143 967 3212 τό
995 3148 1054 3226 ἔξω
1077 3149 1135 3230 τῆς
1158 3150 1286 3232 λίμνης.
1323 3153 1395 3215 Καί

248 3259 333 3323 εἰσιν
357 3255 394 3321 ἔν
418 3250 564 3340 αὐτοίςὸ)
592 3250 705 3330 πόλεις
727 3249 919 3337 Ἑλληνίδες
942 3255 1029 3320 αἵδε·
1059 3251 1263 3340 Φαναγόρου
1285 3253 1391 3339 πόλις,

248 3365 371 3447 Κῆποι,
395 3356 555 3437 Σινδικδς
577 3356 688 3444 λιμήν,
713 3356 888 3446 Πάτουςέ).
915 3357 1026 3426 Μετὰ
1041 3358 1078 3426 δὲ
1093 3358 1258 3426 Σινδικὸν
1272 3363 1391 3445 λιμέυα

248 3469 409 3553 Κερκέται
437 3471 547 3544 ἔθνος.
599 3462 765 3532 Μετὰδέ
793 3465 958 3551 Κερκέτας
986 3465 1123 3550 Τορέται
1157 3464 1304 3553 ἔθνοςῙο)
1335 3466 1391 3532 καὶ

248 3571 344 3649 πόλις
361 3568 515 3656 Ἑλληνὶς
541 3567 680 3656 Τορικὸς
702 3569 757 3637 καὶ
780 3568 889 3655 λιμήν.
930 3567 1027 3636 Μετὰ
1046 3569 1084 3636 δὲ
1106 3571 1249 3658 Τορέτας
1268 3567 1393 3658 Ἀχαιοὶ

170 3779 177 3793 .
250 3684 267 3690 -
321 3715 347 3782 1)
366 3713 497 3782 υυμφαία
515 3708 707 3767 παντικάπιον
726 3705 881 3782 μυρμηκόν.
902 3743 932 3752 -
954 3713 981 3781 2)
996 3705 1025 3765 κ’
1046 3727 1096 3780 pro
1116 3681 1229 3781 ρκ’..-
1255 3714 1281 3783 3)
1301 3715 1393 3768 Verba
1427 3719 1429 3726 '

248 3797 331 3858 Μετὰ
351 3800 382 3856 δὲ
403 3797 523 3864 Σκῦθας
542 3799 596 3856 είσὶ
615 3801 721 3856 omittit
739 3804 768 3856 ολ
785 3796 935 3872 Σνρμάται
952 3801 999 3855 hic
1018 3799 1111 3856 habet.
1133 3831 1165 3840 -—
1191 3803 1218 3868 4)
1239 3795 1269 3863 ῦς
1287 3801 1394 3872 adjecit

249 3890 427 3946 NiebuhriuS.
448 3921 479 3930 -
504 3894 531 3962 5)
556 3890 744 3961 λογιζομένοις
768 3891 867 3961 σῶσαι,
891 3908 942 3946 em.
963 3889 1083 3944 Gronov.
1105 3921 1135 3929 -
1156 3892 1183 3956 6)
1207 3890 1257 3944 τοῦ
1286 3885 1393 3946 πόντου

250 3975 333 4042 ὄντος
354 3981 416 4034 ίσου
440 3980 488 4035 καλ
514 3981 563 4035 τοῦ
588 3976 702 4050 ἡμίσεος
725 3979 828 4051 μέρους
850 3980 898 4048 τῆς
922 3975 1081 4049 μαιώτιδος.
1106 4009 1139 4018 -
1164 3983 1190 4048 7)
1214 3983 1315 4048 σιντοί,
1340 3997 1392 4035 em.

251 4069 323 4126 Gail.
343 4101 375 4110 -
396 4071 423 4139 8)
442 4065 538 4132 πόλεις
558 4065 589 4124 ἔν
609 4063 714 4137 αὐτοῖς,
734 4071 763 4124 et
781 4068 820 4123 sic
839 4068 924 4122 etiam
944 4067 972 4124 C.
992 4067 1087 4121 Muell.
1109 4099 1141 4107 —
1161 4069 1188 4136 9)
1208 4069 1261 4123 Pro
1280 4064 1393 4128 Πάτονς

252 4158 392 4214 Stiehleus
415 4158 515 4214 maluit
533 4159 665 4222 Πιτυοῦς.
686 4189 718 4198 -—
740 4160 783 4225 10)
803 4157 895 4211 Verba
911 4152 995 4212 Μετά
1015 4155 1047 4211 δὲ
1067 4161 1099 4210 Κ.
1124 4161 1153 4211 Τ.
1175 4155 1260 4218 ἔθνος
1278 4155 1393 4222 omittit,

251 4248 280 4302 in
301 4248 361 4302 eod.
381 4247 510 4303 Palatino
532 4248 606 4302 male
625 4247 721 4316 paullo
744 4247 808 4315 γοοδ
830 4247 971 4315 ponuntur
994 4247 1069 4316 post:
1096 4241 1213 4313 Τορικὸς
1231 4242 1278 4297 καλ
1298 4238 1391 4313 λιμήν,

253 4337 281 4392 C.
301 4336 395 4392 Muell.
416 4336 523 4390 emend.
