3256 5102
743 328 962 390 ,30-

275 477 372 558 πόλις
388 477 552 566 Ἑλληνίς,
576 481 746 567 Ζεφύριον
769 481 876 566 πόλις,
898 481 1045 568 ποταμὸς
1068 480 1231 570 Πύραμος
1252 483 1308 550 καὶ
1330 484 1453 562 πόλις·

276 584 431 671 Μαλλὸς,
463 592 511 667 είς
543 584 585 674 ἣν
614 586 632 656 ὁ
660 586 832 668 ἀνάπλους
862 586 944 657 κατά
972 587 1033 657 τὸν
1064 587 1231 675 ποταμόν,
1263 589 1425 676 ἐμπόριον

272 691 395 780 Ἀδάυη
413 695 468 762 καὶ
487 694 600 781 λιμήν,
621 700 843 786 Μυρίανδρος
851 697 874 785 ¹)
896 701 1076 780 Φοινίκων,
1095 695 1252 776 Θάψακος
1269 696 1425 783 ποταμός.

276 800 481 884 Παράπλους
504 808 673 888 Κιλικίας,
701 800 766 870 άπὸ
793 807 862 870 τῶν
885 809 1080 891 Παμφιλίας
1107 801 1211 890 ὁρίων
1240 805 1335 892 μέχρι
1361 812 1425 871 Θα-

277 906 389 986 ψάκου
411 912 573 995 ποταμοῦ,
595 912 699 995 τριῶν
722 907 857 998 ἡμερῶν
880 910 936 976 καὶ
958 913 1090 978 νυκτῶν
1109 912 1181 982 δύο..
1224 908 1280 978 'Ele
1303 909 1341 977 δὲ
1365 918 1425 978 Σι-

178 1030 211 1078 41
227 1025 260 1078 Η.
275 1013 389 1101 νῶπης
409 1018 469 1102 τῆς
490 1017 527 1083 ἐν
549 1019 596 1104 τῷ
620 1014 742 1106 Πόντῳ
769 1015 825 1084 διά
848 1021 906 1103 τῆς
928 1014 1068 1103 ἠπείρου
1090 1017 1145 1084 καὶ
1165 1025 1171 1100 Ι
1190 1020 1249 1102 τῆς
1271 1023 1425 1095 Κιλικίας

275 1125 326 1200 είς
345 1120 478 1202 Σόλους
501 1118 612 1210 ὁδόςῖ)
637 1124 727 1191 ἐστιν
750 1120 815 1190 άπὸ
839 1122 1007 1208 θαλάττης
1026 1127 1073 1202 είς
1094 1121 1266 1192 θάλατταν
1289 1121 1423 1209 ἡμερῶν

274 1228 381 1296 πέντε.
417 1233 469 1297 86.
493 1227 587 1297 Κατὰ
611 1229 648 1296 δὲ
671 1234 829 1297 Κιλικίαν
853 1231 922 1298 ἐστὶ
944 1233 1048 1315 νῆσος
1070 1227 1209 1316 Κύπρος
1230 1230 1286 1296 καὶ
1309 1229 1423 1308 πόλεις

275 1335 312 1401 έν
335 1333 418 1423 αὐτῇ
441 1338 528 1402 α’ίδε·
552 1336 704 1422 Σαλαμίς
720 1333 874 1422 Ἑλληνὶς
896 1337 1015 1421 λιμένα
1038 1341 1160 1422 ἔχουσα
1182 1334 1334 1404 κλειστὸν
1357 1361 1423 1421 χει-

273 1441 430 1528 μερινόν,
458 1441 669 1528 Καρπάσεια,
701 1440 883 1528 Κερύνεια,
916 1440 1074 1528 Λήπηθις
1103 1449 1289 1527 Φοινίκων,
1316 1442 1423 1512 Σόλοι

274 1587 316 1598 —-
343 1549 399 1615 καὶ
426 1546 509 1634 αῦτη
541 1549 659 1635 λιμένα
692 1553 757 1635 ἔχει
790 1546 979 1635 χειμερινόν
1005 1585 1062 1631 -,
1092 1547 1232 1632 Μάριον
1259 1546 1424 1635 Ἑλληνίς,

271 1652 493 1741 Ἀμαθοῦς-
510 1652 718 1742 αύτόχθουές
736 1659 831 1722 εἰσιν.
869 1645 976 1724 Αῦται
994 1657 1098 1720 πᾶσαι
1116 1656 1253 1740 λιμένας
1276 1656 1422 1744 έχουσιῧ)

274 1761 426 1850 ἐρήμους.
471 1763 549 1830 Εἰσὶ
578 1761 615 1829 δὲ
642 1761 698 1828 καὶ
730 1759 829 1828 άλλαι
857 1759 970 1838 πόλεις
997 1761 1034 1828 έν
1061 1765 1217 1849 μεσογείᾳ
1247 1760 1423 1848 βάρβαροι.

270 1865 440 1955 Ἐπάνειμι
478 1868 515 1935 δὲ
551 1867 652 1936 πάλιν
689 1868 742 1936 ἐπὶ
778 1865 840 1953 τὴν
876 1865 1030 1955 ἤπειρον,
1068 1863 1151 1934 ὅθεν
1177 1867 1423 1955 ’ἐξετραπόμηυ
1462 1863 1475 1876 ”

274 1978 325 2042 87.
337 1973 434 2042 Ἐστι
451 1972 532 2060 μετά
551 1977 709 2040 Κιλικίαν
728 1977 830 2051 ἔθνος
849 1971 967 2059 Σύροι.
996 1971 1052 2040 Ἐν
1072 1971 1110 2039 δὲ
1127 1977 1166 2060 τῇ
1181 1980 1293 2063 Συρίᾳ
1312 1978 1423 2044 οίκοῦ

182 2097 187 2106 ·
273 2099 306 2146 σι
329 2079 370 2148 τά
392 2078 481 2168 παρά
503 2078 675 2148 θάλατταν
701 2084 857 2158 Φοίνικες
880 2084 997 2164 ἔθνος,
1021 2079 1074 2146 ε’πὶ
1098 2077 1218 2147 στενὸν
1242 2085 1377 2149 ἔλαττον
1400 2069 1422 2167 η’

272 2185 324 2252 ἐπὶ
351 2185 592 2272 τετταράκοντα
619 2184 738 2254 στάδια
766 2183 830 2252 άπὸ
853 2183 1035 2272 θαλάττης·
1063 2187 1177 2271 ἐνιαχῆ
1208 2184 1239 2250 δ’
1265 2185 1346 2254 οὐδὲ
1362 2188 1421 2257 ,ἐπὶ
1452 2263 1462 2272 „

272 2291 392 2359 στάδια
416 2293 495 2360 δέκα
513 2291 551 2360 τὸ
569 2295 701 2372 πλάτος.
734 2290 812 2360 Ἀπὸ
833 2291 871 2359 δὲ
889 2290 1052 2372 Θαύάκου
1069 2294 1220 2376 ποταμοῦ
1239 2292 1307 2358 ε’στλ
1320 2290 1419 2378 Ἀρα-

273 2399 364 2483 δοςέ)
388 2403 491 2484 νῆσος
513 2399 568 2466 καὶ
592 2398 705 2485 λιμήν,
728 2403 880 2483 βασίλεια
908 2398 1031 2485 Τύρου,
1054 2395 1137 2465 ὅσον
1160 2394 1245 2465 ύκτῶ
1269 2397 1419 2485 στάδιαῧ)

272 2501 336 2571 άπὸ
363 2507 422 2589 τῆς
448 2509 524 2590 γῆς,
553 2505 609 2572 καὶ
637 2507 674 2573 ἐν
696 2509 736 2594 τῇ
759 2505 953 2596 χεῤῥονήσῳ
982 2503 1112 2590 πόλιςῦ)
1140 2509 1309 2590 Τρίπολις·
1337 2503 1420 2590 αῦτη

272 2610 363 2678 ἐστὶν
389 2607 533 2698 Ἀράδου
564 2613 620 2680 καὶ
651 2611 763 2700 Τύρου
794 2613 849 2680 καὶ
877 2614 1045 2687 Σιδῶνος·
1078 2611 1115 2675 έν
1141 2615 1189 2697 τῷ
1215 2609 1306 2702 αύτῷ
1333 2626 1421 2698 τρεῖς

173 2733 208 2779 42
222 2726 256 2779 Η.
271 2717 385 2797 πόλεις
410 2719 465 2786 καὶ
488 2725 669 2806 περίβολον
693 2717 812 2803 ἑκάστη
835 2719 896 2784 τοῦ
924 2721 929 2795 Ι
957 2719 1087 2800 τείχους
1110 2716 1200 2780 ίδιον
1224 2716 1336 2802 ἔχειῆ·
1363 2717 1419 2782 καί

272 2823 351 2912 ὅρος
373 2829 460 2892 Θεοῦ
482 2824 679 2912 πρόσωπον,
712 2821 887 2912 Τριήρηςῧ)
915 2819 1011 2900 πόλις
1036 2821 1092 2888 καὶ
1120 2820 1240 2908 λιμήν,
1267 2818 1420 2906 Βηρυτὸς

271 2931 368 3011 πόλις
384 2932 440 3000 καὶ
459 2931 753 3020 λιμήν,,Λεόντων
771 2927 911 3014 πόλις9),
934 2925 1149 3013 Πορφυρεῶν
1171 2926 1277 3014 πόλις,
1301 2925 1418 2996 Σιδὼν

271 3038 367 3118 πόλις
392 3038 447 3106 καὶ
474 3037 576 3125 λιμὴν
601 3034 764 3118 κλειστός,
789 3030 957 3118 Ὀρνίθων
984 3031 1080 3110 πόλις
1106 3035 1296 3100 Σιδωνίων.
1340 3031 1418 3100 Ἀπὸ

273 3144 430 3212 Λεόντων
448 3143 576 3222 πόλεως
595 3144 708 3242 μέχρις
722 3136 889 3224 Ὀρνίθων
906 3137 1035 3216 πόλεως
1056 3189 1223 3206 .......
1246 3134 1329 3206 Εἶτα
1356 3145 1418 3204 Te

255 3253 401 3340 pamm)
433 3249 530 3327 πόλις
551 3246 728 3336 Σάραπτα,
759 3245 815 3312 καὶ
838 3243 921 3331 αὐτὴ
944 3242 964 3331 ἡ
988 3243 1129 3330 πόλιςΠ)
1165 3241 1272 3331 Τύρος
1299 3245 1418 3330 λιμένα

272 3363 394 3444 ἔχουσα
416 3352 510 3434 ἐντὸς
531 3358 672 3440 τείχους·
704 3350 786 3438 αῦτη
811 3351 849 3420 δὲ
875 3349 896 3438 ἡ
925 3356 1029 3437 νῆσος
1056 3356 1207 3435 βασίλεια
1238 3349 1416 3436 Τυρίωνη)

271 3462 384 3550 άπέχει
411 3461 530 3530 στάδια
557 3459 614 3528 ἀπ’
640 3458 781 3547 ἠπείρου
811 3465 900 3545 τρία·
934 3454 1190 3542 Παλαίτυροςη)
1218 3453 1329 3538 πόλις,
1361 3455 1417 3520 καὶ

271 3567 432 3655 ποταμὸς,
465 3564 547 3657 33¹4)
575 3566 632 3634 διὰ
659 3568 761 3654 μέσης
787 3567 853 3652 ῥεῖ,
880 3564 935 3631 καὶ
962 3561 1059 3640 πόλις
1088 3564 1158 3629 τῶν
1183 3557 1417 3650 Ἐκδίππωυῐδ)

272 3689 484 3696 ..μ-ψ...-

343 3732 369 3797 1)
388 3722 549 3798 μυριανδός.
561 3759 594 3766 -
609 3727 642 3782 Iu
660 3725 792 3796 proximis
805 3724 898 3780 verbis
917 3724 1079 3793 Thapsacus
1097 3724 1141 3776 eet
1157 3719 1181 3773 is
1199 3719 1314 3788 fluvius,
1332 3719 1380 3790 qui
1398 3737 1417 3775 ε

272 3817 371 3871 celeris
390 3815 509 3870 Orontes
528 3817 651 3872 vocetur.
671 3845 705 3855 —-
723 3817 751 3884 2)
770 3814 943 3880 οολουοίδος,
967 3828 1020 3867 em.
1039 3811 1118 3872 Voee¹¹
1139 3839 1171 3848 -
1191 3810 1219 3877 3)
1239 3805 1362 3878 ἔχουσαι.
1383 3839 1415 3848 -

271 3908 299 3974 4)
322 3901 381 3960 ἐστὶ
405 3907 530 3974 τρίπολις
552 3905 691 3974 φοινίκων
713 3898 821 3972 άραδος
846 3932 877 3940 -
901 3901 1042 3969 glossema
1064 3896 1169 3952 delevit
1187 3896 1216 3951 C.
1235 3897 1361 3952 Mueller.
1384 3929 1415 3936 „.

272 3997 300 4064 5)
318 3995 367 4048 καί
385 3990 469 4065 λιμὴν
486 3994 575 4051 addit.
594 4025 627 4034 -
648 3995 674 4062 6)
694 3987 777 4060 ἕτέρα
795 3985 887 4057 πόλις,
910 4005 962 4043 em.
988 3987 1017 4042 (l.
1036 3987 1162 4042 Mueller.
1183 4016 1215 4026 ·-
1236 3988 1262 4053 λ)
1282 3983 1362 4055 ἔχων.
1382 4017 1414 4024 -

272 4087 300 4153 8)
317 4083 409 4152 τῆρος,
429 4101 481 4138 em.
496 4082 617 4138 Gronov.
636 4112 670 4122 -
690 4084 717 4150 9)
732 4073 897 4149 χειμερινάς.
913 4107 945 4114 —
962 4078 1006 4144 10)
1024 4076 1093 4130 Post
1110 4071 1218 4136 πόλεως
1236 4074 1340 4128 excidit
1357 4075 1411 4126 sta-

271 4173 381 4228 diorum
399 4189 530 4227 numerus
549 4174 578 4226 et
596 4171 680 4226 simul
697 4186 753 4224 vox
770 4163 840 4221 εἶτα.
859 4195 894 4204 -
915 4168 958 4234 11)
978 4160 1106 4234 σάραπτα
1122 4161 1183 4218 εἶτα
1197 4159 1266 4231 άλλη
1280 4159 1367 4223 πόλις.
1382 4192 1412 4198 -

275 4266 318 4332 12)
337 4263 442 4332 τυρίον.
470 4263 536 4318 Mox
553 4263 628 4316 male
646 4255 703 4314 άπὸ
723 4252 851 4324 θαλάτης
869 4257 941 4323 τρία.
953 4287 985 4294 -
999 4256 1043 4324 13)
1062 4250 1148 4309 πάλιν
1165 4249 1257 4320 τύρος,
1273 4269 1325 4308 em.
1336 4251 1416 4305 Vuae.

275 4356 364 4421 -11)
378 4346 410 4414 ὃς
424 4350 530 4420 adjecit
547 4349 576 4404 G.
595 4348 722 4403 Mueller.
743 4377 774 4386 -
796 4345 840 4412 15)
856 4338 1018 4397 Ἐκδίππων
1037 4341 1153 4396 omittet
