3256 5102
667 291 733 348 '-
780 279 910 364 ντ-

228 467 278 531 78.
299 461 477 530 Ἐντεῦθεν
502 461 539 530 δὲ
567 459 682 548 Τρωάς
705 458 839 546 ἄρχεται
861 458 917 525 καί
940 459 1052 536 πόλεις
1073 454 1264 541 Ἑλληνίδες
1288 454 1373 521 είσὶν

227 571 263 637 έν
287 567 371 658 αύτή
394 574 482 638 αἵδε·
507 568 700 655 Δάρδανος,
717 563 877 634 Ῥοίτειον
885 567 921 653 1),
936 562 1042 632 Ἴλιον
1065 602 1102 612 -
1124 559 1235 648 ἀπέχει
1255 559 1286 628 δ’
1308 559 1373 628 ἀπὸ

226 679 283 762 τῆς
310 674 479 761 θαλάττης
506 671 625 742 στάδια
652 681 757 740 είκοσι
783 671 880 739 πέντε
907 710 944 719 -
969 669 1024 736 καὶ
1052 671 1088 736 ἐν
1117 667 1200 756 αύτή
1228 666 1374 754 ποταμὸς

227 782 464 868 Σκάμανδρος·
486 781 542 848 καὶ
560 783 664 866 νῆσος
681 777 762 846 κατὰ
783 781 886 845 ταῦτα
903 790 1007 844 κεῖται
1030 776 1171 854 Τένεδος
1188 775 1244 842 καὶ
1262 771 1374 862 λιμήν,
1460 769 1463 775 ’

227 887 311 957 ὅθεν
340 886 570 976 Κλεόστρατος
597 883 614 954 ὁ
644 883 849 973 άστρόλογός
876 885 954 951 ἐστι.
987 889 991 964 Ι
1021 882 1089 949 Καὶ
1116 884 1153 950 ἐν
1180 885 1220 970 τή
1247 879 1417 971 ήπείρμοο
1433 897 1466 951 Η.

226 997 347 1083 Σύγηῖ)
375 997 430 1062 καί
450 993 632 1082 Ἀχιλλείου
654 993 709 1061 καὶ
732 993 906 1079 Κρατήρες
925 987 1080 1077 Ἀχαιῶν,
1109 994 1283 1072 Κολωναί,
1307 985 1374 1054 Λά-

226 1122 340 1190 ρισσα,
364 1099 535 1189 Ἀμαξιτὸς
557 1101 612 1167 καί
641 1098 734 1185 ἱερὸν
755 1097 978 1184 Ἀπόλλωνος,
1006 1099 1063 1164 ’ίνα
1092 1095 1227 1182 Χρύσης
1254 1099 1373 1182 ίεράτο.
1474 1127 1481 1136 ·

229 1213 279 1278 79.
300 1208 479 1276 Ἐντεῦθεν
503 1205 536 1273 δ’
563 1206 680 1284 Αἰολὶς
707 1205 797 1291 χώρα
824 1213 979 1273 καλεῖται.
1021 1207 1177 1284 Αἰολίδες
1203 1203 1240 1272 δὲ
1262 1202 1375 1281 πόλεις

227 1317 264 1384 έν
287 1313 371 1404 αὐτῇ
396 1313 483 1381 είσὶν
506 1313 558 1380 ἐπὶ
581 1311 729 1400 θαλάττῃ
753 1315 840 1378 αἵδε·
861 1309 1026 1397 ’Ἀσσος3),
1050 1309 1374 1398 Γάργαρα,’Ἀνταν-

228 1426 317 1507 δρος,
332 1424 369 1490 έν
384 1420 422 1489 δὲ
436 1425 591 1509 μεσογείᾳ
605 1421 677 1486 αἵδε
684 1437 697 1496 ζ
706 1415 854 1504 Κεβρήν,
862 1421 1004 1503 Σκήψις,
1016 1415 1216 1502 Νεάνδρεια,
1226 1415 1374 1483 Πιτύεια.

228 1527 432 1610 Παράπλονς
462 1532 613 1615 Φρυγίας
636 1523 700 1593 άπὸ
721 1529 856 1604 Μυσίας
879 1525 992 1610 μέχρις
1012 1520 1249 1610 Ἀντάνδρον4)
1273 1576 1280 1590 .
1304 1577 1311 1590 .
1335 1575 1343 1591 .
1367 1577 1374 1590 .

226 1640 278 1703 80.
302 1633 396 1703 Κατὰ
410 1633 513 1702 ταῦτά
529 1636 597 1700 ἐστι
611 1635 715 1716 νήσος
729 1631 845 1708 Αίολὶς
860 1632 1000 1715 Λέσβος,
1017 1630 1114 1696 πέντε
1128 1627 1239 1707 πόλεις
1254 1635 1375 1715 ἔχουσα

226 1743 262 1808 ἐν
286 1737 369 1828 αὑτῇ
392 1739 506 1807 τάσδε·
529 1737 740 1823 Μήθυμναν,
753 1735 947 1820 ’Ἀντισσαν,
967 1733 1135 1821 Ἐρεσσόν,
1155 1733 1297 1821 Πύρραν
1319 1735 1375 1802 καὶ

227 1847 359 1932 λιμένα,
388 1843 589 1930 Μιτυλήνην
618 1845 754 1930 λιμένας
781 1847 924 1929 ἔχουσαν
954 1840 1026 1909 δύο.
1072 1839 1166 1907 Κατδι
1191 1837 1228 1908 δὲ
1249 1839 1374 1928 ταύτην

226 1951 332 2038 νήσός
355 1951 501 2036 ἐστικαὶ
525 1949 634 2028 πόλις·
657 1948 766 2036 όνομοι
789 1948 827 2016 δὲ
844 1947 979 2036 ταύτηῧ)
994 1947 1245 2035 Πὸρδοσελήνη,
1279 1946 1374 2017 Ἐπά-

226 2085 315 2144 νειμι
344 2057 381 2125 δὲ
409 2057 509 2126 πάλιν
538 2058 590 2126 ἐπί
618 2055 679 2144 τήν
702 2054 858 2144 ἤπειρον,
887 2053 970 2122 ὅθεν
994 2053 1218 2140 ἐξετραπόμην
1242 2055 1295 2122 ἐπὶ
1317 2055 1375 2135 τάς

226 2165 361 2252 νήσους.
407 2167 458 2232 81.
479 2161 549 2230 Ἀπ’
572 2162 778 2253 Ἀντάνδρου
801 2162 856 2229 καὶ
875 2166 933 2248 τής
951 2164 1111 2248 Αίολικής
1132 2158 1205 2249 πάλ)
1224 2160 1312 2229 κάτω
1330 2154 1378 2250 ήν-

199 2303 203 2310 ·
226 2270 391 2359 πρότερον
419 2269 480 2357 μὲν
505 2268 554 2336 δι’
580 2267 687 2356 αὑτὴν
714 2266 735 2355 ή
759 2267 851 2355 χάρα
868 2273 1000 2335 ιΜνσία
1028 2270 1123 2355 μέχρι
1155 2273 1374 2353 Τευθρανίας,

226 2381 291 2444 νῦν
316 2377 354 2444 δὲ
377 2380 497 2444 Λυδία.
538 2376 654 2443 Μυσοί
678 2373 710 2442 δ’
736 2375 957 2460 ἐξανέστησαν
980 2379 1027 2454 είς
1048 2373 1110 2460 τὴν
1132 2371 1271 2462 ήπειρον
1294 2373 1374 2443 άνω.

227 2484 305 2550 Εἰσὶ
336 2481 373 2550 δὲ
399 2481 512 2561 πόλεις
540 2484 576 2550 έν
604 2479 689 2570 αύτή
712 2479 904 2567 Ἑλληνίδες
929 2481 985 2548 καί
1013 2483 1050 2548 ἐν
1077 2484 1116 2570 τή
1145 2485 1257 2570 Ανδίιγ
1272 2485 1374 2549 αίδε·

217 2587 377 2674 Ἀστυρα,
396 2578 437 2654 οὗ
455 2586 492 2654 τὸ
513 2585 604 2672 ἱερὸν
625 2585 857 2674 Ἀρτέμιδοςῖ),
881 2587 936 2654 καὶ
952 2585 1204 2674 Ἀδραμύττιον
1234 2585 1318 2655 Εἶτα
1338 2589 1374 2656 δὲ

226 2693 281 2783 ήῧ)
304 2693 396 2781 χύρα
420 2699 561 2779 Λεσβία,
588 2694 644 2760 καὶ
666 2691 750 2780 ὑπὲρ
777 2693 900 2779 ταύτης
922 2691 942 2780 ή
966 2699 1058 2762 Χίων
1086 2693 1177 2782 χύρα
1199 2694 1254 2761 καὶ
1279 2694 1375 2774 πόλις

205 2795 232 2892 i
255 2799 439 2889 Ἀταρνεύς.
475 2797 554 2866 Ὑπὸ
584 2799 621 2867 δὲ
647 2803 752 2867 ταῦτα
774 2797 827 2867 ἐπὶ
850 2798 1022 2868 θάλατταν
1045 2799 1142 2880 πόλις
1163 2801 1250 2890 ναὶθ)
1273 2799 1373 2889 λιμήν
1383 2816 1416 2864 37
1433 2813 1466 2870 Η.

227 2907 358 2992 Πιτάνη
377 2906 433 2973 καί
446 2905 595 2992 ποταμὸς
608 2904 743 2985 Κάλκος.
779 2904 875 2974 Μετὰ
889 2906 1044 2993 Πιτάνην
1065 2905 1188 2993 Έλαία,
1207 2906 1373 2997 Γρύνειον

224 3013 365 3100 Ἀχαιῶν
393 3009 508 3097 λιμήν·
535 3009 574 3080 ἐν
599 3011 707 3103 τούτῳ
735 3013 934 3100 λέγονταιῑθ)
959 3011 1083 3099 Ἀχαιοὶ
1112 3015 1374 3101 βουλεύσασθαι,

227 3121 279 3188 ἐπὶ
316 3117 378 3186 τὸν
414 3117 566 3205 Τήλεφον
600 3117 744 3206 πότερον
777 3117 994 3205 στρατεύοιεν.
1020 3114 1041 3206 ή
1074 3117 1214 3188 ἀπίοιεν.
1269 3120 1375 3201 Πόλις

164 3231 173 3242 ’
227 3225 368 3313 Μύρινα
396 3225 452 3293 καὶ
475 3225 591 3312 λιμήν,
615 3225 716 3313 Κύμη
738 3226 794 3294 καὶ
817 3224 933 3312 λιμήν,
957 3265 999 3276 —
1025 3223 1107 3313 ὑπὲρ
1136 3226 1174 3294 δέ
1196 3227 1315 3314 Κύμης
1337 3225 1374 3296 ἐν

226 3338 382 3421 μεσογείᾳ
411 3331 508 3411 πόλις
534 3319 688 3418 Ἑλληνίς
719 3330 810 3400 ἐστιν
838 3337 944 3418 Αἰγαί
971 3372 1009 3384 -
1038 3334 1094 3400 καὶ
1123 3317 1292 3422 ΛεύααιῙῙ)
1318 3338 1374 3403 καί

691 3429 705 3461 ²
731 3439 769 3529 τε)

227 3441 358 3527 λιμένες
372 3439 428 3506 καί
445 3438 604 3527 Σμύρνα,
628 3440 661 3520 ἐξ
684 3465 723 3526 ης

783 3436 929 3527 Ὅμηρος
950 3431 1008 3526 ἦν,
1035 3439 1172 3508 Φύααια
1194 3443 1249 3509 καὶ
1273 3441 1374 3529 λιμήν
1415 3429 1425 3450 ’

301 3619 327 3687 1)
346 3613 467 3686 ὁύτειον,
496 3647 529 3656 -
549 3619 576 3686 2)
598 3619 677 3687 τοίχη
701 3616 751 3670 καί
773 3593 932 3686 άήιαλεῖον,
956 3635 1008 3672 em.
1029 3618 1149 3676 Gronov.
1169 3651 1202 3659 -
1221 3621 1250 3689 3)
1269 3620 1373 3675 Verba:

224 3703 314 3770 Ἀσοος
328 3737 361 3746 -
377 3706 440 3784 αἵδε
456 3704 562 3774 adjecit
576 3706 604 3759 O.
615 3706 709 3762 Muell.
725 3735 759 3744 -
773 3708 801 3774 4)
815 3705 928 3760 Excidit
941 3723 1071 3760 numerus
1086 3707 1252 3774 stadiorum
1269 3708 1374 3777 Lapieo

227 3799 292 3850 suni
310 3801 389 3851 2625.
408 3827 442 3834 —
467 3797 494 3865 ὅ)
516 3789 621 3862 ταύτης
644 3793 672 3849 C.
691 3795 818 3850 Mueller.
844 3826 877 3834 -
901 3797 930 3863 6)
954 3793 1061 3864 ίνδίτης
1084 3789 1115 3849 τὸ
1140 3798 1170 3850 ελ
1191 3813 1255 3850 mox
1274 3792 1374 3866 αὐτήν,

228 3900 281 3939 em.
301 3885 329 3938 Ο.
348 3884 442 3942 ΜαοΙΙ.
463 3883 524 3952 „sui
539 3881 607 3937 imis
622 3884 706 3937 στιλλ).
727 3915 760 3922 -
781 3885 808 3950 7)
827 3879 860 3936 τό
879 3879 956 3950 ἱερὸν
976 3883 1003 3938 ολ
1021 3884 1082 3953 (sic)
1101 3878 1301 3954 άδραμόττιον,
1320 3902 1372 3938 em.

228 3971 307 4026 Voss.
331 4003 364 4011 -
389 3976 416 4039 8)
435 3967 453 4041 ή
472 3970 505 4026 δὲ
524 3992 548 4041 χ.
568 3973 597 4026 ελ
614 3988 680 4026 mox
697 3972 835 4040 τίων-μτο
854 3973 940 4025 Χίων.
965 4003 998 4012 -
1022 3973 1049 4040 9)
1072 3967 1133 4025 πόλ.
1153 3972 1201 4026 καί
1222 3973 1327 4043 adjecit
1345 3973 1373 4028 C.

226 4060 322 4114 Muell.
342 4091 375 4100 —-
396 4061 428 4114 In
445 4060 579 4130 proximis
599 4061 658 4115 cod.
677 4060 765 4116 Paris.
785 4054 898 4128 πατάνη
917 4062 946 4114 ei
964 4056 1074 4129 ταϊκός,
1094 4062 1142 4115 sed
1160 4079 1225 4116 mox
1243 4058 1372 4131 πιτάνην.

228 4181 260 4189 -
282 4151 326 4216 10)
344 4147 464 4219 λέγεται,
483 4152 515 4204 υτ
529 4151 594 4204 anie
610 4144 797 4219 χρόνειον..-
815 4150 859 4219 11)
874 4149 950 4203 Haec-3
964 4149 1051 4204 verba
1064 4149 1104 4204 iia
1119 4149 1267 4205 scribenda
1280 4153 1373 4208 erant:

229 4233 346 4291 Φώκαια
364 4237 413 4292 καὶ
431 4235 527 4308 λιμήν,
542 4237 651 4291 Λεύκαι
665 4236 714 4290 καὶ
731 4236 850 4308 λιμένες,
862 4232 966 4308 Ἕρμος
984 4233 1122 4308 ποταμός,
1141 4235 1272 4308 Σμύρνα,
1292 4234 1321 4304 ἐξ
1340 4233 1374 4308 ής

221 4321 281 4396 ’Όμ
303 4315 350 4394 ήν,
370 4330 454 4392 Κλαζ.
472 4357 507 4366 -
528 4327 571 4394 12)
592 4321 622 4380 ἐν
640 4317 669 4396 ᾗ,
689 4342 741 4379 em.
761 4326 867 4395 optime
886 4327 914 4382 C.
935 4328 1028 4382 Muell.
