3256 5102
709 327 922 390 -21..

246 484 296 549 65.
316 481 411 549 Μετὰ
436 479 468 548 δ’
498 479 650 568 Ἀχαιοῦς
673 487 841 549 Θετταλία.
869 488 874 565 Ι
903 481 1057 567 Καθήκει
1082 481 1133 548 ε’πὶ
1156 482 1329 552 θάλατταν
1353 487 1430 551 ἐκεῖ)
1446 497 1480 554 Η.

245 594 419 674 μεσογείας
446 587 528 657 κατδι
560 586 681 656 στενὸν
705 593 752 668 είς
774 587 834 657 τόν
860 587 1096 675 Παγασητικδν
1119 588 1246 658 κόλπον
1270 589 1390 658 στάδια

243 695 430 784 τριάκοντα.
488 701 560 762 Καί
589 699 652 763 είσι
686 701 862 775 Θετταλίας
891 695 1003 774 πόλεις
1035 699 1110 777 αίδε
1143 697 1194 764 ἐπὶ
1226 696 1391 785 θαλόττη·

241 799 458 888 Ἀμφαναῑον,
481 806 653 887 Παγασαί·
677 803 715 868 ἐν
738 802 775 868 δὲ
798 809 954 892 μεσογείᾳ
971 809 1087 888 Φεραί,
1111 803 1275 889 Λόρισσα,
1303 803 1391 890 Φόρ-

244 916 355 992 σαλος,
379 908 567 996 ΚιίριονῙ),
587 909 843 996 Πελινναῖονδ),
863 912 1075 996 Σκοτοῦσσα,
1096 909 1275 995 Κραννών.
1313 911 1391 977 Elui

244 1014 281 1082 δὲ
308 1015 363 1082 καλ
386 1013 483 1082 όλλαι
506 1013 620 1094 πόλεις
642 1019 816 1084 Θετταλῶν
841 1017 877 1083 ἐν
900 1021 1065 1105 μεσογείᾳ.
1106 1013 1151 1082 Ἡ
1171 1017 1207 1083 δὲ
1230 1022 1391 1084 Θετταλία

243 1121 382 1210 παρήκει
412 1125 448 1190 ἐν
476 1122 633 1211 μεσογείᾳ
661 1119 744 1210 ὑπὲρ
768 1121 943 1191 Αἰνιάνων
967 1124 1023 1190 καὶ
1048 1121 1215 1190 Δολόπων
1238 1123 1293 1190 καὶ
1314 1131 1389 1190 Μα-
1428 1177 1439 1216 ,

244 1230 343 1296 λιίων
371 1229 426 1296 καί
454 1227 595 1316 Ἀχαιών
623 1230 677 1296 καὶ
701 1229 895 1316 Μαγνήτων
923 1231 1018 1317 μεχρλ
1050 1233 1199 1316 Τεμπών.
1253 1234 1321 1297 Τοῦ
1354 1229 1391 1297 cll

246 1339 483 1422 Παγασητικοῦ
506 1334 634 1403 κόλπον
648 1335 753 1421 μῆκός
772 1338 862 1404 ε’στιν
881 1334 946 1403 ἀπὸ
967 1337 1128 1422 στόματος
1143 1341 1189 1415 είς
1202 1335 1262 1404 τόν
1281 1335 1390 1423 μυχὸν

245 1446 416 1528 Παγασών
449 1445 554 1521 πλοῦς
584 1445 842 1527 προαριστίδιος.
898 1440 941 1509 Τὸ
976 1441 1012 1510 δὲ
1046 1442 1151 1529 στόμα
1184 1441 1288 1510 αὐτοῦ
1322 1444 1389 1510 ἐστὶ

244 1541 364 1618 στάδια
392 1551 488 1618 πέντε
497 1550 532 1637 3).
580 1547 635 1617 Ἐν
665 1549 701 1616 δὲ
728 1554 774 1641 τῷ
803 1553 1025 1642 Παγασητικᾳῦ
1053 1549 1164 1640 κόλπῳ
1194 1550 1262 1616 ἐστὶ
1285 1553 1389 1635 νήσος
1470 1535 1475 1544 ’

243 1659 441 1742 Κικόνηθος
463 1657 518 1723 καὶ
541 1655 646 1734 πόλις.
693 1661 744 1724 66.
758 1655 886 1734 ’Ἐθνος
905 1654 937 1722 δ’
964 1657 1032 1723 ἐστὶ
1047 1655 1277 1743 Μαγνήτωνλ)
1300 1653 1389 1742 παρὰ

242 1763 425 1846 θάλατταν,
448 1763 503 1828 καὶ
518 1761 631 1840 πόλεις
645 1765 732 1828 αἵδε·
753 1760 895 1845 Ἰωλκός,
919 1761 1085 1846 Μεθώνη,
1109 1767 1271 1848 Κορακαί,
1296 1760 1387 1826 Σπό-

242 1873 361 1954 λαδρα,
382 1866 516 1948 Ὀλιζών
530 1867 619 1956 καὶ5)
635 1867 743 1954 λιμήν.
779 1866 867 1948 ’Ἑξω
883 1867 920 1934 δὲ
935 1871 994 1936 τοῦ
1008 1867 1136 1936 κόλπον
1150 1871 1388 1952 Παγασητικοῦ

242 1980 419 2060 Μελίβοια,
437 1975 574 2058 Ῥιζοῦς,
594 1971 765 2061 Ἐρνμναί,
790 1974 956 2065 Πόρραὸ).
995 1973 1051 2042 Ἐν
1070 1980 1225 2063 μεσογείᾳ
1245 1972 1277 2040 δ’
1299 1975 1386 2041 ἐποι-

238 2085 358 2149 κοῦσιν
381 2081 567 2168 Περραιβοὶ
592 2081 725 2168 ἔθνοςῗ)
751 2079 918 2167 Ἕλληνες.
964 2083 1093 2168 Μέχρις
1116 2079 1265 2168 ἐνταῦθά
1296 2081 1387 2146 ἐστιν
1416 2129 1421 2144 .

238 2184 296 2254 ἀπ’
319 2185 517 2274 Ἀμβρακίας
535 2185 711 2274 συνεχήςή
731 2185 856 2266 Ἑλλάς.
900 2185 1069 2266 Ἐπιεικώς
1092 2187 1202 2254 δὲκαὶ
1225 2183 1385 2271 ήςέπιθα-

238 2300 352 2363 λαττία
366 2298 455 2361 πᾶσα
470 2296 506 2362 ἐν
525 2291 659 2360 Ἑλλάδι
681 2291 804 2380 ὁμοίως
819 2294 950 2381 ίστίνὸ),
981 2303 986 2376 l
1016 2298 1066 2360 67.
1088 2291 1165 2360 Ἀπδ
1181 2292 1218 2360 δὲ
1233 2295 1384 2377 Πηνειοῦ
1394 2310 1428 2356 26
1439 2303 1472 2356 H.

237 2405 388 2487 ποταμοῦ
406 2399 602 2478 Μακεδόνες
617 2401 703 2467 είσλν
719 2405 831 2485 ἔθνος,
849 2401 904 2466 καὶ
918 2399 1041 2478 κόλπος
1055 2408 1227 2487 Θερμαῖος.
1260 2397 1384 2485 Πρώτη

236 2506 332 2585 πόλις
347 2510 562 2586 Μακεδονίας
572 2505 782 2593 Ἡράκλειον·
797 2504 898 2593 situl)
917 2515 1016 2592 Δῖον,
1028 2505 1149 2573 Πύδνα
1164 2506 1260 2585 πόλις
1270 2503 1383 2591 Ἑλλη-

238 2620 299 2698 νίς,
314 2611 468 2698 Μεθώνη
482 2611 578 2694 πόλις
587 2609 740 2698 Ἑλληνὶς
753 2613 808 2678 καὶ
818 2609 1006 2698 (Αλιόκμων
1020 2611 1176 2699 ποταμός,
1186 2611 1336 2699 ’Ἀλωρος
1344 2613 1382 2700 ¹⁰)

235 2719 399 2798 πόλιςκαὶ
415 2717 565 2805 ποταμὸς,
577 2722 735 2804 Λονδίας,
754 2720 866 2786 Πέλλα
880 2717 977 2798 πόλις
990 2719 1045 2785 καὶ
1058 2724 1230 2802 βασίλειον
1247 2722 1283 2786 ἐν
1298 2717 1382 2808 αὐτῇ
1435 2807 1438 2812 ¹
1495 2785 1499 2792 .

235 2827 289 2892 καὶ
305 2824 473 2902 ἀνόπλους
488 2829 534 2902 είς
550 2822 655 2909 αὐτὴν
672 2821 737 2890 ἀνὰ
756 2823 816 2890 τὸν
827 2827 988 2891 Λονδίαν.
1015 2823 1119 2905 Ἀξιὸς
1131 2824 1289 2912 ποταμός,
1297 2824 1382 2912 Ἐχέ-

236 2929 389 3018 δωροςῑι)
403 2928 560 3015 ποταμός,
575 2931 686 3016 Θίρμη
696 2929 802 3013 πόλις,
817 2938 936 2997 Αίνεια
946 2927 1109 3017 Ἑλληνίς,
1125 2930 1287 3017 Παλλήνη
1297 2930 1383 3020 ἄκρα
1485 2971 1490 2977 ·

235 3036 344 3126 μακρδι
359 3042 406 3116 είς
419 3035 456 3104 τὸ
472 3037 613 3122 πέλαγος
627 3033 859 3105 ἀνατείνουσα.
888 3037 956 3104 Καὶ
971 3034 1084 3116 πόλεις
1099 3041 1171 3104 αἵδε
1187 3039 1223 3104 ἐν
1236 3041 1276 3126 τῇ
1293 3045 1381 3104 Παλ-

234 3145 319 3233 λήνη
343 3142 547 3230 Ἑλληνίδες·
576 3146 743 3215 Ποτίδαια
767 3145 871 3234 ἐντῷ
896 3144 984 3233 μέσᾳ
1008 3141 1068 3211 τὸν
1092 3141 1219 3229 ίσθμδν
1238 3145 1381 3232 ἐμφρατ-

234 3270 353 3336 τονσα,
378 3253 511 3335 Μίνδη,
537 3248 730 3336 ”Αφντις”),
758 3254 941 3336 Θραμβηΐς,
971 3247 1119 3335 Σκιώνη,
1144 3255 1380 3337 Καναστραλον

232 3361 289 3443 τῆς
304 3355 486 3442 Παλλήνης
503 3353 594 3444 ίερὸν
614 3353 831 3442 ἀκρωτήριον.
873 3355 959 3436 Ἕξω
976 3355 1012 3422 δὲ
1035 3360 1096 3423 τοῦ
1121 3359 1247 3442 ἰσθμοῦ
1268 3355 1381 3435 πόλεις

234 3468 319 3532 αἵδε·
351 3461 522 3542 Ὄλυνθος
545 3459 712 3549 Ἑλληνίς,
740 3461 949 3551 Μηκόβερνα
972 3459 1137 3550 Ἑλληνίς,
1161 3464 1379 3551 Σερμολίαῑῧ)

236 3595 448 3604 ..—..--..—-.

233 3660 296 3695 rum
316 3643 345 3696 ελ
362 3641 532 3710 Magnesiae,
551 3658 634 3709 quem
654 3641 774 3710 quatuor
792 3639 899 3694 dierum
919 3658 979 3695 esse
994 3641 1100 3696 censuit
1118 3640 1147 3694 (λ.
1166 3640 1324 3696 Muellerus.
1347 3672 1378 3680 -

137 3742 146 3750 ·
235 3732 262 3798 1)
281 3725 418 3807 leuiu—
436 3733 462 3799 2)
482 3733 651 3797 πελλιναῖον,
671 3724 819 3797 οκότονσα,
838 3724 952 3798 κρώνον.
972 3761 1005 3768 -
1025 3734 1052 3798 3)
1067 3725 1274 3798 τετταράκοντα
1288 3729 1380 3786 voluit

233 3818 362 3888 LupieuS.
378 3849 411 3858 -
431 3820 459 3887 4)
480 3814 565 3879 ἔθνος
585 3813 643 3872 ἐστὶ
662 3837 743 3888 μαγν,
760 3849 792 3856 -
813 3820 840 3888 5)
860 3819 925 3874 ίοαι.
945 3850 981 3858 -
1000 3820 1026 3888 6)
1047 3814 1191 3887 ἒρομὲναι,
1210 3814 1304 3887 μόραι,
1325 3835 1377 3874 em.

234 3907 348 3961 Sliehle.
360 3938 392 3946 -
405 3912 431 3975 7)
447 3904 532 3968 ἔθνος
549 3905 697 3977 περραιβολ
712 3904 763 3960 ἕλλ.
775 3938 808 3945 -
818 3906 887 3961 Post
899 3901 1031 3976 Ἕλληνες
1050 3907 1153 3962 excidit
1170 3907 1256 3961 Penei
1274 3909 1304 3961 el
1321 3907 1377 3962 Ηο-

232 3993 313 4049 molii
330 3995 433 4049 montis
451 3996 565 4064 mentio,
584 3996 710 4065 quode5
725 4001 760 4048 34
779 3995 853 4049 clare
872 3998 998 4066 apparet.
1022 3996 1066 4049 Ad
1077 3997 1162 4050 verba
1177 3991 1307 4057 ἐπιεικῶς
1321 3999 1375 4052 κτλ.

231 4085 279 4140 cfr.
290 4083 418 4154 Dionysii
437 4087 588 4156 Anugruph
607 4085 740 4140 Graeciae
759 4101 798 4138 vs.
814 4090 847 4138 32
865 4102 904 4152 eq.
918 4116 949 4122 -
961 4085 988 4152 8)
1007 4084 1056 4138 καὶ
1072 4079 1117 4138 ἐπὶ
1131 4085 1201 4138 θαλ”
1212 4084 1287 4152 (niel)
1297 4084 1375 4138 πᾶσα

234 4167 327 4228 ἕλλόδι
347 4168 401 4243 ὀμ,
421 4174 527 4228 emend.
548 4173 577 4229 O.
597 4174 720 4228 Mueller.
737 4205 770 4212 —
786 4174 813 4241 9)
833 4168 893 4228 εἷτα
914 4172 1072 4227 οεοίελὶλ.-
1086 4176 1130 4242 10)
1145 4168 1246 4242 ολλωρίς
1265 4173 1294 4226 el
1312 4189 1375 4226 mox

233 4263 331 4324 λοδίας
350 4264 379 4316 el
397 4263 456 4316 tum
476 4256 619 4330 πολοὶγιλιῖς
637 4279 687 4330 pro
707 4260 800 4316 Πέλλα
818 4256 906 4323 πόλις.
927 4293 959 4300 -
981 4265 1024 4331 11)
1044 4262 1145 4331 δώρος,
1168 4279 1220 4316 em.
1240 4261 1320 4315 Voss.
1340 4292 1373 4301 —-

234 4352 278 4417 12)
297 4345 425 4420 ἄφοστις,
444 4368 496 4406 em.
511 4349 658 4404 Hoeuehel.
677 4381 706 4387 -
724 4352 768 4418 18)
786 4346 899 4419 ίσμόρια
914 4351 943 4404 ελ
956 4367 1020 4406 mox
1036 4343 1212 4420 ονρμονικός,
1231 4365 1282 4402 em.
1293 4349 1374 4406 Voss.
