3256 5102
730 306 947 368 ,14-

263 457 372 546 μνχὸν
399 462 545 526 σταδίων
570 458 688 525 ἑκατὸν
712 467 838 526 εἴκοσιν
847 458 885 546 1)·
915 457 952 526 τὸ
978 458 1016 526 δὲ
1043 460 1148 548 στόμα
1172 456 1271 550 εὖρος
1294 466 1412 535 στάδια

264 565 410 650 τέτταρα.
429 569 482 633 33.
494 562 589 632 Μετὰ
600 565 636 632 δὲ
647 570 853 632 Κασσωπίαν
865 571 1040 633 Μολοττοί
1046 571 1131 634 εἰσιν
1142 573 1251 649 ἔθνος.
1272 577 1411 641 Οίκοῦσι

265 671 302 738 δὲ
326 663 419 740 οῦτοι
442 669 525 740 κατὰ
538 671 661 759 κάμας·
685 670 873 757 καθήκουσι
890 671 927 739 δὲ
947 670 1028 740 κατὰ
1041 673 1162 762 μικρὸν
1186 677 1335 746 ἐνταῦθα
1358 681 1410 747 ε’πλ

251 775 325 864 ’τὴν
348 778 535 864 θάλατταν,
565 783 613 858 είς
640 783 816 866 μεσογείαν
846 777 883 845 δὲ
905 783 1021 867 πολλῇ.
1057 781 1263 868 Παράπλονς
1286 784 1316 852 δ’
1343 788 1412 855 ἐστὶ

263 890 322 972 τῆς
337 892 527 966 Μολοττίας
541 885 650 972 χάρας
664 885 784 954 στάὰια
798 885 1047 973 τετταράκοντα.
1085 891 1136 956 34.
1160 889 1256 959 Μετὰ
1281 892 1319 960 δὲ
1334 899 1411 961 ·Μο-

263 998 398 1060 λοττίαν
415 991 595 1080 Ἀμβρακία
613 991 710 1072 πόλις
727 989 893 1078 Ἑλληνίς·
917 991 1028 1081 ἀντέχει
1053 994 1090 1061 δὲ
1104 993 1188 1082 αῦτη
1203 993 1268 1064 άπὸ
1286 998 1411 1066 θαλάτ-

263 1127 321 1185 της
344 1099 463 1167 στάὰια
487 1097 704 1186 ὀγδοήκοντα.
730 1097 825 1166 Ἔστι
850 1099 887 1166 δὲ
909 1101 965 1168 καὶ
980 1101 1032 1168 ἐπὶ
1046 1101 1214 1188 θαλάττης
1235 1118 1342 1191 τεῖχος
1355 1105 1410 1171 καί

263 1204 364 1292 λιμὴν
378 1205 535 1285 κλειστός.
556 1203 736 1274 Ἐντεῦθεν
750 1205 884 1293 άρχεται
898 1203 1046 1292 ηἙλλὰς
1061 1207 1201 1294 συνεχὴς
1216 1207 1302 1278 εἶναι
1316 1213 1411 1298 μέχρι

263 1318 415 1398 Πηνειοῦ
442 1318 594 1401 ποταμοῦ
616 1315 671 1388 καὶ
688 1310 860 1402 Ὁμολίον,
889 1319 1107 1400 Μαγνητικῆς
1129 1314 1272 1402 πόλεως,
1295 1315 1317 1403 ἦ
1341 1319 1410 1386 ἐστι

263 1417 352 1508 παρὰ
369 1418 430 1488 τὸν
444 1419 603 1507 ποταμόν.
639 1419 845 1506 Παράπλους
857 1419 895 1486 δὲ
917 1425 976 1506 τῆς
986 1417 1185 1508 Ἀμβρακίας
1200 1422 1320 1490 στάὰια
1340 1425 1411 1492 ἑκα-

172 1541 244 1596 13Η.
263 1523 323 1593 τὸν
347 1534 482 1595 εἴκοσιν.
514 1531 566 1595 35.
585 1524 680 1596 Μετὰ
696 1524 727 1593 δ’
745 1523 947 1613 Ἀμβρακίαν
963 1523 1164 1613 Ἀκαρνανίοι
1184 1528 1189 1612 )
1210 1533 1312 1610 ἔθνος
1326 1532 1409 1598 ἐστί·

262 1633 318 1700 καὶ
341 1632 453 1721 πρώτη
472 1633 568 1712 πόλις
591 1631 714 1702 αὐτόθι
723 1630 847 1721 Ἀργος
871 1629 905 1700 τὸ
927 1629 1163 1718 Ἀμφιλοχικὸν
1184 1633 1410 1704 καὶἈνακτό-

263 1765 339 1826 ριον
367 1739 421 1806 καλ
450 1739 566 1827 λιμήν,
598 1740 653 1806 καὶ
682 1741 742 1819 ἔξω
773 1743 833 1807 τοῦ
862 1737 1098 1826 Ἀνακτορικοῦ
1125 1739 1285 1829 κόλπουῖ)
1323 1745 1409 1810 αἵδε·

260 1843 354 1932 Ἀκττ)
373 1847 428 1914 καὶ
442 1846 538 1925 πόλις
552 1844 681 1924 Λενκὰς
694 1846 749 1913 καλ
764 1845 874 1932 λιμήν.
898 1843 991 1932 Αῦτη
1011 1842 1121 1932 άνέχει
1137 1848 1189 1914 ἐπὶ
1207 1833 1268 1916 τὸν
1283 1847 1410 1916 Λευκά-

262 1979 336 2037 ταν,
364 1951 493 2020 ὅέστιν
516 1950 724 2040 ἀκρωτήριον
743 1951 923 2040 πόρρωθεν
947 1955 984 2020 ἐν
1007 1957 1047 2041 τῇ
1070 1953 1219 2040 θαλάττη
1239 1951 1410 2042 όρατόνῧ)

264 2057 347 2146 αῦτη
362 2056 382 2146 η
397 2057 493 2139 πόλις
506 2056 544 2127 τὸ
558 2060 637 2147 πρὶν
660 2059 715 2126 καλ
736 2057 979 2127 Ἐπιλενκάὰιοι
1000 2057 1228 2147 ὠνομάζετο).
1254 2059 1410 2148 Ἀκαρνὰ-

245 2193 319 2260 νες
342 2165 379 2234 δὲ
403 2165 640 2245 στασιάσαντες
668 2171 789 2251 ἔλαβον
812 2167 847 2232 ἐκ
875 2170 1054 2252 Κορίνθου
1082 2166 1237 2244 ἐποίκους
1266 2173 1410 2252 χιλίονς·

265 2277 300 2340 οί
321 2271 352 2339 δ’
379 2277 505 2341 ἔποικοι
523 2270 777 2351 ἀποκτείναντες
796 2269 1001 2359 Ἀκαρνᾶνας
1022 2273 1151 2338 τοῦτων
1174 2269 1236 2357 τὴν
1263 2271 1408 2360 χάρανδ)

264 2377 359 2447 αὐτοὶ
387 2384 532 2465 ἔχουσιν.
577 2377 671 2465 Αὕτη
700 2377 732 2445 δ’
769 2379 837 2446 ἐστὶ
864 2381 929 2446 νῦν
962 2381 1065 2464 νῆσος
1091 2375 1151 2444 τὸν
1180 2376 1306 2464 ἰσθμὸν
1329 2377 1410 2446 άπο-

262 2486 554 2574 τεταφρευμένηθ).
619 2483 716 2554 Μετὰ
750 2484 787 2552 δὲ
821 2489 923 2552 ταῦτα
958 2485 1054 2563 πόλις
1089 2483 1198 2571 Φαρά·
1239 2486 1296 2552 καὶ
1327 2483 1410 2554 κατὰ

263 2596 368 2660 ταῦτα
390 2591 495 2678 νῆσός
518 2594 608 2660 ἐστιν
629 2589 743 2676 Ἰθάκη
767 2592 822 2658 καί
845 2590 941 2670 πόλις
963 2591 1018 2658 καὶ
1037 2588 1148 2676 λιμήν.
1198 2589 1289 2659 Μετὰ
1307 2596 1411 2660 ταῦτα

263 2703 368 2786 νῆσος
385 2703 593 2786 Κεφαληνία.
631 2697 802 2786 Ἐπάνειμι
822 2697 859 2765 δὲ
877 2697 979 2765 πάλιν
998 2697 1055 2764 ε’πλ
1068 2693 1129 2782 την
1149 2694 1301 2786 ἤπειρον,
1325 2696 1409 2766 ὅθεν

264 2803 435 2874 άπέλιπον.
480 2803 577 2874 Μετὰ
598 2810 701 2874 ταῦτα
723 2804 820 2884 πόλις
839 2801 967 2885 Ἀλοζία
989 2803 1045 2870 καὶ
1063 2801 1145 2870 κατὰ
1163 2803 1288 2891 ταύτην
1307 2809 1410 2892 νῆσος

265 2914 413 3001 Κάρνος·
437 2915 493 2982 καὶ
510 2913 607 2993 πόλις
619 2913 781 2992 ’Ἀστακος
803 2913 858 2979 καὶ
877 2911 989 2999 λιμήν,
1012 2913 1067 2978 καὶ
1079 2909 1233 2999 ’ποταμὸς
1253 2909 1411 2998 Ἀχελῶος

264 3023 320 3089 καὶ
341 3020 513 3089 Οίνειάὰαι
533 3019 643 3100 πόλις·
671 3021 726 3087 καλ
746 3023 793 3098 είς
806 3017 927 3098 ταύτας
945 3017 1148 3107 άνάττλονςῗ)
1164 3019 1233 3086 ἐστὶ
1250 3016 1333 3084 κατὰ
1350 3017 1410 3084 τὸν

262 3125 435 3218 Ἀχελῷον.
480 3128 558 3196 Είσὶ
577 3126 615 3194 θλ
632 3127 687 3194 καὶ
705 3125 802 3194 άλλαι
821 3119 933 3204 πόλεις
954 3123 1168 3212 Ἀκαρνάνων
1190 3126 1226 3192 ἐν
1247 3129 1410 3212 μεσογείᾳ.

265 3233 470 3323 Παράπλονς
500 3232 531 3300 θ’
560 3231 777 3320 Ἀκαρνανίας
795 3233 886 3300 ἐστὶν
909 3229 1043 3320 ἡμερῶν
1071 3232 1127 3299 καλ
1146 3230 1311 3318 ννκτῦνῧ)
1340 3229 1411 3297 δύο.

261 3340 306 3410 Ἡ
325 3340 356 3408 e’
381 3339 580 3428 Ἀκαρνανία
604 3340 673 3407 ἐστὶ
696 3343 785 3407 πάσα
808 3337 994 3426 εὐλίμενος·
1017 3340 1073 3406 καὶ
1091 3335 1173 3406 κατὰ
1190 3340 1293 3404 ταῦτα
1311 3339 1410 3420 νῆσοι

174 3463 247 3518 14Η.
266 3447 482 3538 παράκεινται
504 3453 639 3533 πολλαί,
670 3441 709 3526 ὰς
733 3444 750 3515 ὁ
777 3445 935 3538 Ἀχελῷος
956 3442 1207 3534 προσχωννάων
1236 3444 1240 3527 Ι
1270 3439 1409 3528 ἤπειρον

266 3569 367 3623 ποιεί·
412 3559 594 3623 καλοῦνται
628 3551 659 3621 δ’
695 3552 878 3640 Ἐχινάδες
896 3557 933 3620 αλ
962 3556 1075 3638 νῆσοι·
1121 3550 1186 3617 είσὶ
1219 3545 1249 3614 δ’
1286 3553 1410 3637 ἔρημοι.

340 3719 366 3786 1)
384 3715 403 3770 f.
413 3715 573 3787 ·legendum
593 3709 638 3768 στ’
664 3715 682 3768 i.
701 3730 724 3768 e.
745 3715 897 3768 διακοσίων
916 3714 1013 3767 εἴκοσι.
1031 3743 1065 3752 -
1085 3713 1113 3781 2)
1131 3705 1216 3779 άρχος
1238 3703 1269 3763 τό
1294 3703 1412 3778 άμφιλο-

267 3801 360 3876 χικόν·
380 3804 429 3860 καλ
449 3798 563 3872 εὔριπος
581 3803 630 3857 καλ
649 3797 763 3872 οῦριτὰν
783 3798 814 3857 ἐν
832 3802 870 3874 τῷ
890 3799 986 3872 ίκονίῳ
1005 3799 1055 3853 καλ
1074 3797 1126 3863 ἔξω
1145 3797 1196 3851 τοῦ
1220 3793 1410 3865 άνακτορικοῦ

267 3890 374 3950 κόλπον
385 3895 462 3949 αἴθε·
481 3887 652 3960 άνακτόριον
662 3890 710 3945 καλ
724 3887 819 3961 λιμήν·
833 3884 935 3957 άκτήν·
954 3886 1003 3941 καλ
1016 3882 1096 3948 πόλις
1105 3879 1208 3948 λενκὰς
1221 3889 1289 3954 κτλ.;
1308 3885 1413 3956 glosse-

267 3984 345 4038 mate
363 3978 469 4038 delevit
484 3983 512 4036 G.
527 3982 652 4038 Mueller.
668 4012 703 4020 —
727 3985 753 4048 3)
772 3977 884 4048 Adjeoi,
904 3976 933 4030 G.
948 3975 1083 4029 Muellero
1102 3969 1231 4030 άποτττον
1249 3975 1296 4030 vel
1315 3969 1411 4040 ἐκφαι-

267 4068 390 4144 νόμενον
408 4071 523 4142 placuit.
543 4102 577 4111 -
597 4070 691 4126 Codex
708 4070 770 4123 Per.
790 4068 877 4120 etiem
897 4060 928 4119 ἐν
945 4065 1010 4133 post
1027 4059 1179 4133 πόρρωθεν
1198 4063 1312 4118 omittit.
1331 4089 1364 4100 —
1384 4062 1411 4128 4)

269 4159 523 4217 ἕπτλενκαὸιοστῦν
549 4155 735 4230 ὠνομάζοντο.
760 4186 793 4196 -
818 4156 845 4224 ό)
870 4149 968 4210 άποκτ.
993 4153 1095 4208 τοῦτον
1118 4149 1170 4220 τὴν
1192 4172 1216 4220 χ.
1237 4179 1270 4190 -
1296 4151 1323 4218 6)
1341 4143 1434 4202 άπο··

268 4247 490 4320 τεταφρονμίνη.
510 4281 543 4289 -
569 4253 594 4318 7)
612 4240 788 4309 ταύταςτὰς
806 4239 902 4306 πόλεις
920 4237 1037 4311 άναττλ.,
1063 4259 1114 4298 em.
1135 4241 1163 4294 O.
1183 4237 1308 4292 Mueller.
1327 4267 1362 4276 —
1385 4239 1412 4306 8)

269 4339 317 4395 καλ
341 4359 418 4395 veut.
443 4338 561 4407 οοιίλίίι,
587 4337 636 4391 τεά
658 4336 715 4390 iem
739 4333 847 4389 Geiliue
871 4331 937 4387 eddi
959 4332 1058 4388 voluit.
