3256 5102
720 1112 927 1208 Ἀνωνόμον

552 1268 1091 1368 ΠΕΡΙΠΛΟΥΣ

301 1437 365 1528 τῆς
390 1429 579 1526 θαλάσσης
605 1436 668 1528 της
695 1425 910 1523 οἰκουμένης
938 1426 1120 1524 Εῦρῶπης
1146 1431 1205 1500 καὶ
1227 1426 1343 1515 Ἀσίας
1404 1429 1407 1438 '

699 1552 758 1622 καὶ
786 1546 934 1644 Λιβύης.

768 1703 875 1712 *-

339 1831 366 1893 1.
384 1825 545 1914 ’Ἀρξομαι
569 1822 600 1894 δ’
631 1823 695 1893 άπὸ
713 1821 919 1912 Ἡρακλείων
947 1828 1078 1910 στηλῶν
1105 1826 1172 1891 τῶν
1204 1823 1241 1890 ἐν
1263 1827 1303 1911 τῇ
1328 1819 1393 1888 Εὐ-

249 1932 343 2021 ρώπη
384 1934 480 2020 μέχρι
511 1929 716 2020 Ἡρακλείων
759 1934 889 2017 στηλῶν
930 1934 999 1998 τῶν
1042 1931 1078 1996 ἐν
1110 1933 1150 2018 τῇ
1188 1927 1298 2016 Λιβύη
1339 1928 1395 1994 καλ

247 2041 342 2127 μέχρι
366 2037 546 2107 Αἰθιόπων
568 2041 636 2106 τῶν
659 2036 822 2125 μεγάλων.
860 2037 937 2104 Είσλ
961 2035 994 2103 δ’
1021 2034 1176 2122 ἀλλήλων
1194 2027 1394 2120 καταντικρὺ
1499 2049 1503 2056 ’

247 2149 285 2212 αί
300 2141 489 2234 Ἡράκλειοι
513 2149 630 2231 στῆλαι
652 2145 707 2212 καὶ
732 2141 914 2230 ἀπέχουσιν
933 2141 1088 2229 άλλήλων
1107 2145 1215 2209 πλοῦν
1229 2139 1394 2229 ἡμίραςῙγ

245 2249 321 2321 Ἀπὸ
341 2249 547 2338 Ἡρακλείων
571 2253 702 2336 στηλῶν
725 2253 793 2318 τῶν
822 2250 859 2316 ἐν
890 2253 929 2337 τῇ
953 2247 1100 2337 Εῦρῶπη
1125 2248 1266 2335 ἐμπόρια
1289 2246 1395 2315 πολλὰ

247 2362 495 2445 Καρχηδονίων
518 2357 573 2424 καλ
596 2353 700 2442 πηλὸς
722 2357 777 2424 καὶ
791 2356 1087 2443 πλημμυρίδεςκαλ
1102 2353 1237 2440 πελάγη.
1274 2358 1304 2421 2.
1331 2357 1396 2440 Τῆς

249 2461 413 2552 Ελόρῶπης
440 2463 505 2530 είσλ
532 2466 656 2548 πρῶτοι
677 2460 825 2550 Ἴβηρες,
851 2460 995 2549 Ἰβηρίας
1023 2466 1140 2546 ἔθνος,
1167 2462 1222 2528 καλ
1250 2459 1396 2548 ποταμὸς

239 2569 353 2657 Ἴβηρο
382 2570 450 2637 Καὶ
478 2572 577 2654 νῆσοι
605 2569 754 2636 ἐνταῦθα
782 2573 887 2636 ἔπεισι
916 2566 994 2654 δύο,
1023 2562 1076 2646 αἷς
1103 2565 1211 2654 ὄνομα
1244 2565 1394 2656 Γάδειρα.

259 2675 394 2745 Τούτων
426 2672 447 2762 ἡ
482 2675 576 2761 ἑτέρα
603 2673 703 2742 πόλιν
734 2679 799 2761 ἔχει
827 2672 1017 2761 άπίχουσαν
1045 2671 1169 2762 ἡμέρας
1191 2677 1297 2741 πλοῦν
1328 2671 1393 2742 άπὸ

244 2782 449 2869 Ἡρακλείων
465 2785 604 2866 στηλῶν.
637 2778 722 2848 Εἶτα
737 2780 914 2868 ἐμπόριον,
928 2779 1024 2861 πόλις
1038 2778 1237 2871 Ἑλληνίςῖ),
1251 2772 1272 2869 ᾖ
1288 2779 1396 2868 ὄνομα

249 2888 444 2976 Ἐμπόριον·
469 2888 533 2956 είσὶ
558 2887 594 2955 δὲ
619 2879 712 2956 οῦτοι
731 2892 988 2957 Μασσαλιωτῶν
1007 2886 1149 2957 ἄποικοι.
1191 2888 1396 2975 Παράπλονς

153 3011 157 3021 “
246 3001 303 3084 τῆς
322 2994 469 3084 Ἰβηρίας
492 2994 571 3063 ἑπτά
594 2992 727 3083 ἡμερῶν
749 2996 805 3064 καλΙ
821 2993 899 3064 ἑπτά
914 2998 1055 3063 νυκτῶν.
1076 3002 1081 3077 l
1102 3000 1131 3063 3.
1152 2993 1229 3064 Ἀπὸ
1255 2993 1287 3062 δ’
1311 2993 1393 3081 Ἰβή-
1412 3011 1428 3058 2
1444 3007 1478 3060 H.

246 3129 316 3188 ρων
340 3107 473 3189 ἔχονται
497 3107 619 3187 Λίγυες
645 3103 700 3170 καλ
718 3101 851 3190 Ἴβηρες
873 3101 1010 3189 μιγάδες
1032 3104 1126 3189 μέχρι
1157 3106 1308 3189 ποταμοῦ
1327 3098 1396 3170 Ῥο-

246 3211 362 3276 δανοῦ.
404 3207 608 3294 Παράπλονς
633 3207 802 3296 Λιγύωνθ)
829 3206 887 3276 ἀπ’
911 3207 1092 3298 Ἐμπορίον
1116 3211 1212 3296 μέχρι
1230 3205 1395 3276 Ῥοδανοῦ

247 3317 400 3402 ποταμοῦ
424 3312 487 3382 δύο
510 3311 644 3402 ἡμερῶν
667 3315 723 3382 καὶ
742 3318 819 3401 μιᾶς
837 3313 966 3395 νυκτός.
1012 3319 1045 3403 4.,
1062 3313 1138 3383 Ἀπδ
1159 3312 1322 3384 Ῥοδανοῦ
1337 3341 1395 3382 πο.

245 3425 352 3510 ταμοῦ
385 3425 517 3509 ἔχονται
551 3426 672 3508 Λίγυες
704 3423 800 3510 μέχρι
830 3418 1087 3510 Ἀντιπόλεως4).
1130 3419 1186 3490 Ἐν
1217 3422 1320 3512 ταότη
1352 3418 1394 3511 τῇ

246 3527 336 3618 χάρη
362 3527 458 3608 πόλις
486 3527 577 3596 ἐστὶν
599 3524 751 3614 Ἑλληνὶς
778 3534 960 3596 Μασσαλία
987 3530 1042 3596 καλ
1073 3528 1190 3615 λιμήν,
1219 3530 1275 3596 καὶ
1309 3536 1393 3597 Ταυ-

247 3633 337 3720 ρόεις
359 3634 414 3701 καὶ
435 3631 546 3720 Ὀλβία
569 3634 624 3700 καὶ
649 3632 881 3723 Ἀντίπολιςῦγ
912 3633 1044 3703 άποικοι
1073 3627 1170 3704 αὗται
1195 3641 1395 3716 Μασσαλίας

246 3745 339 3808 εἰσίν.
377 3739 583 3827 Παράπλονς
597 3738 628 3807 δ’
650 3742 719 3809 ἐστὶ
732 3739 854 3828 ταύτης
867 3738 931 3809 άπὸ
950 3737 1115 3809 Ῥοδανοῦ
1128 3745 1279 3829 ποταμοῦ
1293 3742 1388 3830 μέχρι
1410 3751 1415 3764 ’

320 3919 346 3987 1)
365 3919 432 3972 Post
444 3935 541 3973 vocem
556 3913 662 3988 ἡμέρας
676 3918 705 3974 O.
721 3918 872 3973 Muellerus
886 3919 971 3974 verba
990 3925 1014 3985 §-
1026 3925 1056 3974 2:
1075 3919 1124 3973 καλ
1138 3919 1219 3988 νῆσοι
1234 3921 1285 3974 eto.
1306 3937 1394 3988 usque

245 4007 281 4061 ad
311 4005 417 4074 στηλῶν
436 4006 536 4074 posuit.
557 4039 588 4046 -
608 4008 635 4075 2)
660 4007 726 4062 eod.
750 4005 837 4062 Paris.
866 4001 949 4061 πόλιν
978 4005 1109 4076 ἕλληνίδα
1129 4037 1161 4048 —-
1182 4007 1210 4062 O.
1239 4008 1389 4064 Muellerus

244 4094 368 4166 adripuit:
386 4089 551 4164 Ἐμπόριον·
574 4093 628 4150 stat
641 4095 674 4152 δὲ
689 4087 769 4151 οὗτοι
783 4097 845 4164 eto„
860 4095 970 4166 reliqua
983 4115 1001 4152 a
1014 4098 1169 4168 glossatore
1183 4097 1266 4152 illata
1280 4097 1395 4152 censuit.

248 4214 281 4226 -
300 4187 327 4250 3)
346 4177 404 4237 άπὸ
424 4177 521 4253 λιγόος
540 4178 688 4253 ἐμπορίαν,
708 4185 815 4240 emend.
835 4179 961 4242 Vossius.
981 4217 1013 4226 —
1033 4190 1060 4256 4)
1078 4181 1192 4255 ἀντίον,
1215 4189 1248 4242 ut
1265 4203 1329 4241 mox
1343 4188 1395 4240 ter.

252 4303 279 4312 -
301 4276 328 4340 δ)
346 4267 429 4342 λιμὴν
448 4269 564 4328 άποιιιοι
583 4264 670 4328 αὗται
685 4305 717 4314 -
732 4275 930 4344 praetermissa
948 4275 1061 4330 addidit
1080 4274 1109 4331 (λ
1123 4275 1220 4332 Muell.
