3256 5102
726 314 943 377 -26-

262 467 353 553 φάνη
386 467 536 556 λιμήνῙ),
570 466 750 536 Κόλουσσα
781 469 877 550 πόλις
901 468 1069 558 Ἑλληνίς,
1102 475 1282 560 Κίνωλιςῗ)
1315 473 1411 553 πόλις

256 570 423 660 Ἑλληνίς,
446 573 624 662 Κὰραμβις
645 574 741 655 πόλις
758 573 922 663 Ἑλληνίς,
945 577 1106 668 Κύτωρος
1129 579 1225 660 πόλις
1243 577 1408 666 Ἑλληνίς,

261 678 421 768 Σησαμὸς
451 680 547 760 πόλις
575 679 727 768 Ἑλληνίς
758 683 813 750 καὶ
840 687 1036 769 Παρθένιος
1067 686 1229 774 ποταμός,
1266 688 1409 777 Τίειονὸ)
1478 729 1487 748 ι

217 855 219 860 ,
260 783 357 867 πόλις
383 783 536 873 Ἑλληνὶς
563 788 617 855 καὶ
645 787 746 876 λιμὴν
778 789 897 857 Ψύλλοι
929 792 985 859 καὶ
1016 791 1164 879 ποταμὸς
1193 799 1410 883 Καλλίχορος.

263 895 313 958 74.
341 891 437 962 Μετὰ
467 893 504 961 δὲ
531 900 777 981 Παφλαγονίαν
805 895 1051 983 Μαριύνδυνοί
1075 903 1162 967 είσιν
1186 905 1296 980 ἔθνος.
1339 899 1410 968 Ἐν-

260 1001 371 1067 ταῦθα
394 999 489 1080 πόλις
513 1001 602 1068 ἐστὶν
617 997 795 1089 Ἡράκλεια
808 999 960 1090 Ἑλληνὶς
982 1005 1038 1072 καί
1059 1005 1205 1095 ποταμὸς
1225 1007 1335 1086 Λύκος
1352 1007 1408 1074 καὶ

260 1104 360 1185 ἄλλος
382 1105 528 1194 ποταμὸς
542 1105 668 1187 Ὓπιος.
706 1112 756 1178 75.
779 1109 875 1178 Μετὰ
896 1109 933 1178 δὲ
951 1111 1221 1198 Μαριανδύνους
1239 1116 1304 1184 είσλ
1322 1118 1408 1204 Θρᾴ-

259 1239 314 1292 κες
337 1215 484 1281 Βιθυνοὶ
507 1219 626 1298 ἔθνος,
649 1215 705 1282 καὶ
728 1213 874 1303 ποταμὸς
896 1218 1089 1306 Σαγγάριος
1110 1220 1164 1288 καλ
1188 1219 1290 1302 ὰλλος
1311 1246 1410 1290 ποτα-

260 1318 322 1407 μὸς
341 1318 532 1408 Ἀρτάνης4)
555 1321 611 1388 καὶ
634 1325 738 1407 νῆσος
760 1323 888 1404 Θυνιοίς
912 1364 951 1373 -
973 1329 1104 1396 οἰκοῦσι
1127 1325 1160 1394 δ’
1186 1325 1291 1412 αὐτὴν
1310 1325 1409 1413 Ἡρα-

198 1477 199 1482 .
259 1429 398 1496 κλεῶται
426 1467 468 1476 -
496 1427 551 1510 καὶ
578 1428 724 1516 ποταμός
747 1426 875 1516 Ῥήβας.
921 1429 994 1498 Εἶτ’
1024 1431 1130 1512 εὐθὺς
1158 1431 1175 1501 ὁ
1201 1431 1410 1520 Βόσποροςῡ)

259 1535 315 1601 καὶ
341 1531 379 1601 τὸ
406 1535 650 1622 προειρημένον
679 1533 772 1621 ίερὸν
799 1537 836 1604 ἐν
862 1541 908 1628 τῷ
938 1537 1076 1624 στόματι
1102 1543 1168 1607 τοῦ,
1186 1538 1326 1607 Πόντου
1353 1539 1409 1605 καλ

259 1639 340 1725 ’μετὰ
365 1644 465 1710 τοῦτο
492 1640 587 1721 πόλις
615 1640 801 1730 Χαλκηδών
830 1643 891 1725 ἔξω
923 1648 984 1711 τοῦ
1016 1643 1125 1732 πόρου
1152 1645 1241 1732 τῦςθ)
1265 1643 1409 1734 Θρᾴκης,
1484 1655 1489 1662 “

260 1745 341 1833 μεθ’,
367 1743 411 1833 ἣν
434 1745 451 1816 ὁ
476 1748 599 1828 κόλπος
621 1746 639 1817 ό
661 1746 841 1836 Ὀλβιανός.
887 1749 1092 1836 Παρὰπλους
1120 1749 1185 1820 ὰπὸ
1210 1754 1409 1838 Μαριανδυ-

260 1858 331 1921 νῶν
353 1857 449 1942 μέχρι
471 1858 532 1922 τοῦ
556 1860 663 1942 μυχοῦ
686 1861 746 1924 τοῦ
768 1856 896 1925 κόλπου
918 1861 979 1925 τοῦ
999 1855 1175 1944 Ὀλβιανοῦ
1199 1898 1240 1908 -
1264 1856 1408 1943 τοσαύτη
1487 1873 1489 1875 ’

260 1959 324 2047 γὰρ
348 1963 439 2028 ε’στιν
462 1960 483 2049 ἡ
503 1967 667 2031 Βιθυνῶν
686 1963 799 2054 Θρᾴκη
820 1961 1016 2051 -ἡμερῶν
1039 1967 1152 2050 τριῶν.
1190 1962 1267 2032 Ἀπδ
1289 1964 1327 2031 δὲ
1349 1968 1410 2032 τοῦ

261 2066 424 2154 στόματος
453 2073 514 2137 τοῦ
548 2069 686 2138 Πόντου
720 2073 780 2151 ἕως
812 2071 896 2156 ew)
929 2069 967 2139 τὸ
996 2071 1101 2156 στόμα
1129 2075 1188 2157 τῆς
1215 2069 1410 2150 Μαιώτιδος

260 2181 380 2262 λίμνης
402 2176 632 2265 παραπλήσιός
656 2180 746 2244 ἐστιν
770 2175 788 2244 ὁ
812 2181 932 2260 πλοῦς,
956 2175 976 2242 ὅ
996 2203 1030 2243 τε
1052 2175 1142 2263 παρὰ
1159 2176 1221 2262 τὴν
1240 2175 1410 2263 Εύρῶπην

168 2299 201 2348 35
217 2284 315 2350 Η.καλ
337 2281 399 2370 τὴν
418 2281 541 2350 Ἀσίαν.
562 2285 566 2370 Ι
588 2287 639 2350 λδ.
662 2281 758 2350 Μετὰ
783 2281 819 2350 δὲ
843 2280 978 2371 Θρᾴκην
998 2288 1116 2350 Μυσία
1140 2288 1255 2361 ἔθνος·
1280 2287 1348 2348 ἔστι
1372 2280 1410 2350 δὲ

260 2388 297 2458 τὸ
330 2388 380 2458 ἐπ’
416 2387 573 2480 ὰριστερᾴ
604 2393 665 2458 τοῦ
695 2386 873 2474 Ὀλβιανοῦ
906 2389 1035 2458 κόλπου
1069 2391 1240 2458 ἐκπλέοντι
1272 2393 1320 2468 είς
1348 2387 1410 2457 τὸν

261 2495 393 2564 Κιανὸν
416 2495 543 2564 κόλπον
566 2497 661 2582 μέχρι
681 2501 779 2562 Κίου.
810 2492 858 2561 Ἡ
871 2495 909 2564 δὲ
927 2503 1047 2564 Μυσία
1065 2496 1147 2583 ὰκτή
1171 2499 1249 2564 ἐστι.
1287 2503 1411 2574 Πολεῖς

261 2600 292 2670 δ’
319 2605 355 2670 ἐν
378 2601 461 2692 αὐτῇ
480 2601 673 2689 Ἑλληνίδες
696 2601 781 2669 είσὶν
805 2605 892 2669 αἵδε·
917 2600 1029 2688 Ὀλβία
1056 2603 1112 2670 καὶ
1138 2601 1256 2689 λιμήν,
1285 2605 1406 2668 Καλλί-

259 2718 354 2790 πολις
384 2711 439 2778 καὶ
471 2708 589 2796 λιμήν,
622 2706 833 2796 ἀκρωτήριον
864 2712 925 2776 τοῦ
957 2711 1090 2776 Κιανοῦ
1122 2707 1249 2776 κόλπου
1280 2707 1335 2774 καὶ
1365 2707 1405 2773 ’ἐν

260 2816 417 2908 ὰριστερᾴ
440 2821 523 2894 Κίος
546 2813 643 2894 πόλις
670 2815 725 2882 καὶ
748 2819 832 2894 Κίος
859 2813 1015 2902 ποταμός.
1061 2813 1265 2902 Παράπλους
1291 2812 1327 2880 δὲ
1350 2816 1409 2899 τῆς

261 2931 396 3004 Μυσίας
419 2927 466 3002 είς
483 2926 571 2988 Κίον
596 2918 718 3008 ἡμέρας
741 2925 827 3008 μιὰς.
867 2925 917 2988 77.
940 2919 1036 2990 Μετὰ
1056 2921 1094 2990 δὲ
1113 2926 1253 2990 Μυσίαν
1278 2925 1409 3009 Φρυγία

260 3033 350 3101 ἐστὶν
374 3035 490 3114 ἔθνος,
516 3029 572 3095 καὶ
599 3026 713 3106 πόλεις
730 3025 922 3113 Ἑλληνίδες
948 3032 1037 3096 αἵδε·
1065 3027 1221 3113 Μύρλεια
1243 3028 1298 3094 καί
1322 3025 1407 3094 Ρύν-

261 3144 361 3218 δακος
383 3135 531 3224 ποταμὸς
550 3135 605 3202 καὶ
629 3133 679 3202 ἐπ’
705 3133 794 3225 αύτῷ
814 3136 975 3219 Βέσβικος
993 3138 1106 3221 νῆσος,
1129 3133 1184 3202 καὶ
1203 3132 1299 3212 πόλις
1318 3140 1408 3199 Πλα-

258 3246 345 3332 κίαθ)
373 3243 428 3311 καὶ
456 3243 600 3324 Κύζικος
628 3243 665 3308 ε’ν
692 3245 739 3332 τῷ
767 3245 895 3332 ίσθμῶ,
925 3243 1157 3329 ε’μφροίττουσα
1183 3238 1244 3310 τὸν
1272 3238 1409 3326 ἰσθμόν,

188 3401 189 3408 .
258 3352 313 3418 καί
341 3349 436 3429 ἐντὸς
462 3354 523 3418 τοῦ
551 3353 678 3435 ίσθμοῦ
704 3345 852 3436 Ἀρτόκη
898 3347 992 3417 Κατὰ
1021 3348 1179 3435 ταύτην9)
1207 3346 1310 3433 νῆσός
1340 3348 1408 3413 ἐστι

258 3459 313 3526 καί
336 3457 432 3537 πόλις
455 3457 697 3543 Προκόννησος
725 3456 781 3522 καὶ
805 3456 898 3544 ἑτέρα
925 3459 1029 3542 νῆσος
1056 3452 1229 3540 εὐλίμενος
1249 3450 1409 3538 Ἐλαφόν-

259 3584 369 3650 νησος.
387 3560 391 3568 ’
407 3567 600 3652 Γεωργοῦσι
624 3560 654 3630 δ’
677 3559 783 3657 αὐτὴν
798 3561 1060 3649 Προκοννήσιοι.
1094 3558 1149 3627 Ἐν
1170 3557 1207 3626 δὲ
1224 3562 1264 3647 τῇ
1283 3556 1407 3649 ἠπείρῳ

259 3671 355 3751 πόλις
376 3671 445 3740 ἐστὶ
465 3675 627 3756 Πρίαπος,
647 3668 782 3757 Πάριον
790 3669 837 3758 ¹⁰),
854 3667 1047 3756 Λάμψακος,
1068 3665 1239 3753 Περκῶτη,
1252 3663 1409 3750 Ἄβυδος,

258 3778 314 3846 καὶ
346 3777 383 3846 τὸ
416 3776 522 3864 στόμα
554 3775 636 3845 κατὰ
664 3773 800 3862 Σηστὸν
827 3780 886 3862 τῆς
914 3777 1148 3863 Προποντίδος
1179 3772 1279 3842 τοῦτό
1310 3774 1408 3840 ἐστιν.

332 3993 358 4061 1)
377 3958 480 4064 λίᾴίης,
503 3992 567 4047 fort.
586 3987 667 4054 πόλις
691 3990 739 4044 καί
757 3984 848 4059 λιμήν,
869 4021 900 4030 -
921 3991 949 4055 2)
971 3987 1103 4056 κορυνίς,
1126 4004 1179 4041 em.
1200 3985 1272 4042 Gail.
1294 4017 1324 4024 —-
1344 3985 1409 4037 Mox

259 4076 407 4152 Κῶραμβις
429 4082 508 4136 dedit
529 4081 608 4136 Voss.
632 4097 682 4149 pro
708 4075 848 4148 κᾴραμως.
870 4109 900 4118 -
921 4079 949 4144 3)
968 4078 1072 4131 τίθιον.
1092 4107 1124 4116 -
1145 4079 1173 4145 4)
1192 4069 1330 4144 οἷρτῶνης,
1353 4087 1406 4124 em.

259 4171 338 4225 Voss.
349 4202 382 4209 —
394 4171 421 4238 5)
439 4165 534 4239 πόρος,
555 4187 607 4225 em.
623 4169 652 4223 Θ.
663 4168 756 4223 Muell.
773 4167 819 4220 cfr.
835 4171 850 4231 ξ
865 4172 906 4220 68.
919 4197 952 4204 -
968 4167 994 4234 6)
1009 4165 1129 4236 Egregie
1144 4163 1253 4218 addidit
1268 4160 1296 4214 Ο.
1311 4158 1406 4213 Muell.

258 4260 345 4314 verba
363 4259 413 4313 τοῦ
432 4279 461 4314 κ.
480 4261 537 4328 τῆς.
558 4289 590 4297 —-
610 4258 636 4325 7)
657 4252 706 4310 ἐπί
722 4255 841 4324 οιαίλλὶί,
864 4253 936 4308 Gail.
958 4253 1070 4324 adjecit.
1092 4285 1122 4292 -
1143 4254 1170 4320 8)
1193 4249 1326 4316 πλακίου,
1351 4263 1404 4301 em.

259 4348 387 4403 Clausen.
406 4379 439 4388 —
459 4348 487 4416 9)
506 4342 603 4417 ταύτῃ.
621 4375 657 4385 -
677 4347 720 4411 10)
740 4338 844 4414 πόριος,
863 4359 917 4398 em.
936 4343 1016 4397 Voss.
