3256 5102
731 308 948 371 ..16-

272 458 325 523 44.
349 455 445 524 Μετὰ
468 455 499 524 θ’
523 456 674 546 Ἀχαιοὺς
690 453 783 541 Ἦλις
807 463 896 531 ἐστίν
921 469 1038 550 ἔθνος,
1060 467 1115 533 καὶ
1139 465 1251 547 πόλεις
1279 471 1317 536 έν
1335 467 1418 559 αὐτή

272 565 362 630 αἵδε·
408 564 581 652 Κυλλήνη,
603 568 659 634 καί
682 567 833 658 λιμήνῙ),
860 571 916 638 καί
939 569 1086 659 ποταμός
1105 570 1267 660 Ἀλφειός·
1293 577 1419 644 ἔστιδὲ

271 669 327 736 καὶ
359 668 504 758 ἄλλωνέ)
538 679 692 741 συνοικία
725 674 857 744 πόλεων
890 669 1014 767 Ἦλιςθ)
1044 681 1080 746 έν
1108 687 1273 771 μεσογείᾳ.
1324 681 1418 752 Κατὰ

271 777 397 863 ταύτην
419 774 482 864 τήν
505 777 617 866 χώραν
641 781 710 849 ἐστὶ
733 785 837 868 νήσος
856 782 1044 884 Ζάκυνθος,
1069 787 1106 854 ἐν
1129 778 1150 876 ᾖ
1174 789 1228 855 καὶ
1248 787 1344 868 πόλις
1361 791 1416 858 καὶ

271 883 381 970 λιμήν.
437 884 643 972 Παράπλους
675 887 712 956 (ll
744 893 803 975 τῆς
831 887 970 958 Ἠλείων
1003 891 1113 978 χώρας
1144 892 1221 981 άχρι
1254 896 1307 964 ἐπὶ
1338 894 1417 976 τούς

273 993 472 1076 Λεπρεατῶν
501 989 636 1082 ὅρους4)
664 993 783 1062 στάδια
814 996 1000 1064 ἑπτακόσια.
1050 1001 1103 1066 45.
1132 998 1228 1067 Μετὰ
1256 999 1288 1066 θ’
1319 994 1415 1070 Ἦλιν

269 1092 426 1181 Ἀρκαδία
444 1102 547 1179 ἔθνος
565 1102 664 1170 ἐστίν.
710 1101 863 1188 Καθήκει
887 1102 925 1170 cll
948 1100 968 1190 ἡ
990 1099 1146 1190 Ἀρκαδία
1170 1105 1221 1172 ἐπὶ
1244 1105 1417 1176 θάλατταν

269 1200 352 1269 κατὰ
386 1206 572 1295 Λέπρεονῧ)
610 1207 645 1274 έκ
673 1213 855 1295 μεσογείας.
909 1209 986 1278 Είσὶ
1025 1208 1056 1277 θ’
1092 1207 1205 1279 αὐτῶν
1236 1211 1348 1292 πόλεις
1380 1215 1417 1281 ἔν

270 1315 426 1399 μεσογείᾳ
449 1315 487 1378 αί
507 1311 648 1399 μεγάλαι
671 1317 757 1382 α’ίὰε·
792 1317 907 1400 Τεγέα,
931 1322 1132 1402 Μαντίνεια,
1156 1315 1286 1405 Ἡραία,
1307 1317 1417 1406 Ὀρχο-

267 1415 383 1501 μενός,
411 1417 623 1504 Στύμφαλος.
670 1420 747 1486 Εἰσὶ
776 1419 891 1486 δὲκαὶ
918 1419 1016 1487 άλλαι
1044 1421 1165 1500 πόλεις.
1211 1424 1417 1511 Παράπλους

268 1520 306 1588 δὲ
328 1525 386 1607 τῆς
409 1527 609 1610 Λεπρεατῶν
637 1522 746 1610 χώρας
774 1523 893 1591 στάδια
917 1524 1044 1593 ἑκατόν.
1090 1530 1143 1592 46.
1169 1526 1263 1594 Μετὰ
1287 1528 1320 1593 θ’
1349 1529 1417 1615 Ἀρ-

266 1631 389 1696 καδίαν
412 1630 503 1698 ἐστὶν
527 1635 630 1709 ἔθνος
652 1630 830 1718 Μεσσήνη,
853 1631 908 1698 καί
931 1629 1044 1710 πόλεις
1066 1633 1103 1699 ἔν
1127 1630 1210 1721 αὐτῇ
1235 1636 1322 1701 αἵδε·
1345 1641 1415 1702 Κυ-

266 1733 462 1825 πάρισσοςθ)
500 1735 670 1824 ἀπέχουσα
708 1735 772 1806 ὰπὸ
813 1737 981 1823 θαλάττης
1013 1736 1132 1805 στάδια
1164 1738 1259 1824 ἑπτὰ,
1292 1740 1414 1828 Πρώτη

267 1845 370 1927 νῆσος
387 1844 442 1910 καί
461 1843 574 1930 λιμήν,
595 1841 721 1931 Ἰθώμη
741 1847 778 1912 έν
796 1850 953 1934 μεσογείᾳ
971 1842 1140 1931 ἀπέχουσα
1159 1843 1223 1913 ὰπὸ
1246 1845 1413 1933 θαλάττης

268 1947 387 2016 στάδια
410 1947 660 2037 ὀγὰοήκονταῗ).
706 1950 910 2037 Παράπλους
943 1951 981 2019 el
1003 1955 1062 2038 τῆς
1089 1958 1285 2038 Μεσσηνίας
1308 1952 1417 2039 χώρας

141 2092 145 2100 ·
268 2053 387 2122 στάδια
409 2056 594 2142 τριακόσια.
644 2062 696 2124 47.
725 2055 821 2125 Μετὰ
845 2057 882 2125 δὲ
905 2056 1094 2144 Μεσσήνην
1121 2059 1221 2148 έστὶὸ)
1253 2063 1417 2126 Λακεδαί-

180 2165 211 2212 ¹⁷
223 2158 256 2211 Η·
267 2186 340 2246 μων
355 2165 457 2241 ἔθνος
470 2163 525 2230 καὶ
539 2162 652 2242 πόλεις
666 2165 703 2230 ἐν
724 2166 729 2249 Ι
748 2160 832 2250 αὐτῇ
848 2163 934 2230 είσλν
953 2167 1040 2230 αἴθε·
1061 2160 1190 2250 Ἀσίνη,
1215 2165 1372 2251 Μοθώνη
1379 2166 1425 2260 9),

271 2272 461 2354 Ψαμαθοῦς
475 2267 576 2357 λιμὴν
594 2270 650 2337 καὶ
669 2266 851 2355 ὰντίπυγος
868 2268 991 2337 τούτου
1013 2266 1236 2359 Ἀχίλλειοςῑθ)
1256 2270 1358 2358 λιμήν
1374 2311 1412 2322 -

267 2371 396 2441 τούτων
433 2373 632 2462 ἀμφοτέρων
671 2378 708 2444 έν
741 2378 830 2466 μέσῳ
863 2377 1008 2462 προέχον
1040 2379 1087 2455 είς
1118 2375 1290 2445 θάλατταν
1324 2375 1415 2465 ίερὰν

268 2483 495 2562 Ποσειδῶνος,
524 2487 689 2570 Ταίναρος
703 2521 755 2566 -,
773 2483 829 2548 καὶ
845 2486 916 2560 Λᾶς
935 2481 1033 2561 πόλις
1046 2482 1100 2549 καὶ
1121 2481 1233 2568 λιμήν,
1258 2482 1416 2568 Γύθειον,

267 2587 305 2652 έν
332 2577 360 2678 ώ
387 2587 532 2675 νεώριον
563 2589 618 2656 καὶ
645 2602 767 2674 τεῖχος,
799 2589 854 2655 καὶ
882 2585 1030 2674 ποταμὸς
1058 2585 1220 2675 Εὐρώτας
1245 2589 1300 2655 καί
1331 2593 1415 2655 Βοΐα

265 2691 361 2780 πόλις
378 2694 433 2760 καὶ
448 2693 553 2763 Ὄνου
571 2694 701 2782 γνάθος
709 2696 748 2781 ¹¹)
766 2694 861 2782 ὰκρα.
897 2692 993 2762 Κατὰ
1008 2692 1134 2780 ταύτην
1148 2706 1252 2761 κεῖται
1267 2693 1415 2780 Κύθηρα

265 2802 368 2884 νῆσος
391 2801 446 2868 καὶ
469 2800 565 2882 πόλις
586 2803 642 2870 καί
666 2802 775 2890 λιμήν.
822 2801 917 2870 Κατὰ
940 2804 1065 2888 ταύτην
1085 2801 1153 2870 ἐστὶ
1169 2799 1284 2889 Κρήτη
1304 2804 1415 2887 νῆσος.

266 2906 363 2976 Μετὰ
383 2907 420 2976 δὲ
437 2907 500 2994 τήν
518 2911 764 2996 προειρημένην
783 2908 890 2994 ὰκραν
910 2910 1004 2996 ἑτέρα
1023 2906 1109 2994 άκρα
1124 2908 1301 2996 Maleae),
1325 2908 1414 2991 Σίὰη

265 3013 362 3093 πόλις
373 3016 428 3082 καί
443 3013 556 3101 λιμήν,
568 3013 767 3100 Ἐπίδαυρος
780 3013 877 3092 πόλις
886 3015 942 3080 καὶ
957 3011 1071 3099 λιμήν,
1092 3017 1224 3098 Πρασία
1240 3011 1338 3088 πόλις
1359 3011 1414 3076 καὶ

264 3119 376 3207 λιμήν,
386 3121 534 3188 Μέθανα
547 3119 644 3200 πόλις
653 3121 708 3187 καὶ
721 3121 830 3206 λιμήν.
854 3119 931 3186 Είσὶ
943 3118 980 3186 δὲ
994 3119 1049 3186 καὶ
1065 3116 1291 3186 άλλαιπολλαὶ
1301 3113 1415 3193 πόλεις

266 3231 552 3315 Λακεδαιμονίων.
583 3224 638 3294 Ἐν
658 3231 814 3315 μεσογείᾳ
840 3224 871 3293 θ’
897 3227 965 3294 ἐστὶ
988 3223 1127 3314 Σπάρτη
1146 3223 1201 3292 καὶ
1225 3221 1322 3290 ὰλλαι
1337 3229 1415 3290 πολ-

265 3340 328 3404 λαί.
370 3332 576 3422 Παράπλους
596 3331 633 3400 δέ
651 3336 709 3419 τῆς
723 3337 1002 3420 Λακεδαιμονίων
1021 3330 1130 3418 χώρας
1148 3327 1282 3417 ἡμερώυ
1302 3332 1413 3415 τριών.

265 3445 317 3509 48.
349 3438 444 3509 Κατὰ
477 3442 713 3525 Λακεδαίμονα
736 3443 840 3525 νῆσος
861 3451 966 3505 κεῖται
994 3436 1123 3526 Κρήτη·
1156 3433 1323 3521 ἐγγυτάτω
1347 3431 1412 3520 γὰρ

337 3622 362 3686 1)
391 3618 488 3672 Sinum
519 3617 668 3688 Hyrmines
698 3615 839 3687 intellegit
864 3615 895 3670 E.
932 3614 1043 3670 Curtius
1071 3613 1101 3668 in
1128 3613 1281 3682 Peloponn.
1306 3612 1362 3670 vol.
1381 3612 1415 3667 ll.

264 3726 291 3778 p.
312 3713 371 3761 104.
397 3738 430 3747 -
463 3710 490 3776 2)
517 3703 598 3776 ἄλλη,
622 3724 674 3762 em.
698 3705 822 3760 Bursian.
850 3735 897 3762 -,
912 3706 940 3772 3)
960 3699 1055 3774 ήλιείς,
1075 3720 1127 3758 em.
1149 3703 1298 3758 Letronne.
1319 3731 1352 3741 —
1385 3701 1413 3768 4)

264 3791 348 3865 ὅρους
371 3795 486 3851 omittit.
511 3827 542 3836 -
569 3798 596 3866 ὅ)
619 3793 757 3863 λεπρέων,
780 3811 832 3849 em.
857 3794 929 3849 (leil.
960 3825 993 3834 —
1019 3797 1046 3862 6)
1070 3792 1146 3846 αἴθε·
1171 3785 1266 3860 πρώτη
1291 3783 1414 3864 μεσσήνη

264 3885 313 3938 καί
331 3882 415 3955 λιμήν
434 3881 551 3954 eenole,
571 3884 599 3938 C.
619 3885 713 3940 Muell.
734 3884 841 3939 emend.
863 3885 893 3938 et
911 3883 999 3937 verbe
1017 3901 1063 3950 πρ.
1083 3900 1110 3949 μ.
1129 3898 1155 3935 κ.
1173 3883 1198 3933 λ.
1216 3880 1293 3948 post:
1314 3872 1415 3932 στάδια

266 3969 337 4028 ἔπτὰ
356 3974 458 4042 posuit.
480 4005 512 4014 —
533 3977 559 4043 7)
578 3973 699 4044 Lapieus
724 3968 828 4028 ἑκατὸν
854 3974 960 4026 εἴκοσιν
982 3968 1090 4024 meluit.
1110 3999 1143 4008 ·-
1168 3973 1194 4022 8.
1212 3968 1309 4022 Verba
1331 3960 1413 4021 Μετὰ

264 4065 289 4119 θ.
309 4067 382 4119 Μεσ.
402 4058 460 4117 ἐστὶ
479 4063 579 4131 οωὶλλ,
599 4062 671 4118 Geil.
691 4052 802 4132 edjecit.
823 4090 855 4099 —
880 4061 907 4129 9)
927 4055 1059 4130 μοθύνη,
1078 4051 1179 4125 άσίνη,
1198 4073 1251 4111 em.
1272 4055 1300 4110 O.
1318 4051 1413 4106 Muell.

265 4183 298 4192 —
315 4154 358 4220 10)
373 4151 464 4206 Voces
480 4150 644 4221 Ψαμαθοῦς
662 4151 692 4206 el
708 4144 849 4217 Ἀχίλλειος
867 4146 988 4202 invicem
1007 4146 1175 4216 transponit.
1195 4175 1227 4185 -
1249 4145 1294 4211 11)
1314 4137 1413 4210 μελέα,

265 4258 317 4296 em.
338 4240 366 4296 0.
386 4241 511 4296 Mueller.
538 4269 571 4280 -
598 4241 640 4308 12)
665 4232 736 4308 μετὰ
759 4234 792 4290 δὲ
816 4231 922 4304 ταύτην
946 4232 964 4306 ἡ
988 4233 1179 4307 προειρημένη
1203 4226 1277 4299 ἄκρα
1301 4227 1414 4294 Μαλέα,

266 4348 318 4386 em.
338 4329 368 4383 C.
387 4330 512 4384 Mueller.
