3256 5102
703 311 923 374 -18...

242 463 367 550 ταύτην
382 460 580 552 Ὠλίαροςῑ),
600 464 682 533 κατὰ
696 465 733 532 δὲ
749 464 875 550 ταύτην
889 465 1060 553 Σίκινοςῗ)
1074 505 1111 514 -
1123 464 1207 552 αὕτη
1222 468 1278 534 καὶ
1295 466 1392 546 πόλις

243 611 297 655 -‚
307 569 389 638 κατὰ
400 570 437 637 δὲ
451 569 576 656 ταύτην
590 570 692 658 Θήρα,
707 569 789 639 κατὰ
798 571 835 638 δὲ
844 570 970 658 ταύτην
976 569 1116 659 Ἀνάφη,
1125 571 1207 640 κατὰ
1218 573 1255 640 δὲ
1265 573 1390 660 ταύτην

238 676 505 764 ’Λοτυπύλαια3).
538 675 709 765 Ἐπόνειμι
732 677 769 746 δὲ
783 678 885 746 πόλιν
906 679 958 746 ἐπὶ
974 677 1036 764 τὴν
1053 677 1204 766 ἤπειρον,
1222 677 1305 747 ὅθεν
1325 682 1390 760 ἐξε-

244 783 428 871 τραπόμην.
475 787 526 851 50.
555 783 651 852 Μετὰ
675 784 712 852 δὲ
736 788 971 872 Λακεδαίμονα
998 785 1094 864 πόλις
1121 787 1212 853 ἐστὶν
1234 785 1389 875 ’Ἀγροςῆ

241 891 297 958 καὶ
321 888 405 980 ἐπ’δ)
433 888 516 979 αὐτῇ
539 898 698 958 Ναυπλία
726 891 823 971 πόλις
850 893 905 960 καὶ
933 891 1044 979 λιμήν.
1089 890 1145 960 Ἐν
1169 899 1324 983 μεσογείᾳ
1353 893 1390 961 δὲ

242 997 397 1064 Κλεωναὶ
420 999 475 1064 καὶ
495 1001 657 1083 Μυκῆναι
680 999 735 1065 καὶ
763 1004 894 1086 Τίρυνς.
935 998 1141 1086 Παρύπλους
1162 1004 1222 1086 τῆς
1242 998 1391 1086 Ἀργείας

242 1103 351 1190 χώρας
368 1103 479 1194 κύκλῳ
500 1143 540 1152 -
562 1110 631 1173 ἔστι
649 1103 712 1191 γὰρ
731 1104 855 1184 κόλπος
880 1102 897 1172 ὁ
919 1103 1109 1192 Ἀργολικὸς
1126 1105 1332 1193 καλούμενος
1349 1147 1386 1156 -

242 1209 361 1278 στάδια
376 1209 494 1278 ἑκατὸν
507 1211 722 1297 πεντήκοντα.
768 1215 819 1279 51.
844 1210 939 1280 Μετὰ
955 1209 986 1277 δ’
1007 1210 1130 1298 ’Ἄργος
1148 1209 1389 1299 ἡἘπίδαυρος

154 1345 188 1391 20
199 1337 231 1392 H.
242 1316 346 1403 χιόρα·
367 1319 372 1403 Ι
392 1317 532 1404 καθήκει
550 1315 613 1403 γὰρ
633 1321 681 1396 είς
698 1316 758 1386 τὸν
776 1317 903 1385 κόλπον
921 1321 1043 1386 τοῦτον
1063 1317 1182 1386 στάδια
1200 1318 1388 1408 τριάκοντα.

243 1421 338 1490 Μετὰ
372 1423 409 1490 δὲ
441 1421 503 1509 τὴν
535 1421 753 1511 Ἐπιδαυρίαν
783 1423 896 1510 χώραν
925 1421 1017 1491 ‘Aua
1049 1425 1104 1491 καὶ
1136 1425 1248 1512 λιμήν.
1294 1424 1388 1513 Αὕτη

243 1530 312 1596 ἐστὶ
335 1530 387 1596 ἐπὶ
406 1532 451 1619 τῷ
472 1528 610 1616 στόματι
632 1533 693 1598 τοῦ
714 1527 909 1618 Ἀργολικοῦ
931 1529 1068 1598 κόλπον.
1105 1537 1297 1618 Περίπλους
1309 1532 1387 1600 ταύ-

242 1661 300 1719 της
323 1635 390 1701 ἐστὶ
415 1634 534 1704 στάδια
558 1636 685 1704 ἑκατόν.
731 1641 783 1704 52.
811 1635 907 1704 Μετὰ
927 1637 964 1727 δὲ
982 1637 1107 1724 ταύτην
1125 1635 1271 1724 Ἐρμιιδν
1290 1636 1387 1716 πόλις

243 1741 311 1808 ἐστὶ
334 1743 390 1807 καὶ
413 1742 524 1828 λιμήν.
574 1741 703 1829 Ταύτης
727 1743 765 1810 δὲ
787 1749 968 1832 περίπλους
991 1743 1110 1812 στὰδια
1138 1741 1388 1833 ὀγδοήκονταθ).

244 1844 340 1914 Μετὰ
366 1847 402 1916 δὲ
421 1845 582 1936 Ἑρμιόνα
606 1850 800 1918 Σαύλλαιόν
824 1853 915 1918 ἐστιν
942 1849 1155 1938 ἀκρωτήριον
1179 1855 1239 1932 τοῦ
1263 1851 1390 1920 κόλπου

242 1957 302 2020 τού
335 1953 418 2038 πρὸς
450 1957 590 2042 ἰσθμόν·
622 1961 691 2022 ἔστι
725 1955 762 2022 δὲ
793 1954 831 2024 τὸ
866 1956 1059 2024 Σκύλλαιον
1091 1961 1150 2043 τῆς
1186 1965 1388 2044 Τροιζηνίας.

242 2059 456 2147 Καταντικρδ
472 2062 504 2127 δ’
529 2060 633 2130 αὐτοῦ
648 2063 717 2130 ἐστὶ
733 2062 884 2131 Σούνιον
898 2061 1108 2154 ἀκρωτήριον
1122 2066 1180 2146 τῆς
1199 2061 1389 2149 Ἀθηναίων

243 2165 360 2253 χώρας.
402 2166 500 2235 Κατὰ
520 2168 557 2236 δὲ
575 2169 676 2236 τοῦτό
696 2172 765 2236 ἐστι
779 2174 883 2254 νῆσος
897 2171 1042 2253 Βέλβινα
1055 2168 1110 2233 καὶ
1125 2167 1229 2245 πόλις.
1261 2167 1391 2235 Τούτου

242 2278 302 2341 τοῦ
333 2273 462 2342 κόλπου
489 2274 553 2344 ὰπὸ
583 2278 706 2344 τούτου
734 2281 795 2344 τοῦ
823 2275 992 2362 στόματος·
1008 2283 1087 2340 είσω
1111 2279 1158 2352 είς
1179 2271 1240 2340 τὸν
1264 2271 1389 2360 ἰσθμὸν

245 2380 363 2448 στάδιά
384 2384 452 2448 ἐστι
473 2381 652 2449 ἑπτακόσια
666 2381 915 2468 τετταράκοντα.
951 2379 1045 2447 Ἔστι
1061 2377 1130 2446 δδὸ
1150 2377 1272 2457 κόλπος
1292 2369 1390 2458 οὗτος

243 2485 344 2566 αύτδς
367 2485 449 2556 κατὰ
474 2487 579 2574 στόμα
608 2486 827 2576 εύρύτατοςῖ).
866 2491 917 2554 53.
941 2484 1037 2554 Μετὰ
1056 2485 1094 2553 δὲ
1113 2483 1272 2572 Ἑρμιόνα
1296 2492 1389 2572 Τροι-

244 2599 338 2679 ζηνία
365 2593 462 2673 πόλις
490 2596 545 2662 καὶ
574 2594 683 2681 λιμήν.
730 2593 935 2680 Παρὰπλους
959 2591 990 2659 δ’
1022 2594 1112 2660 ἐστὶν
1141 2591 1244 2678 αὐτῆς
1271 2591 1390 2660 στάδια

242 2700 449 2788 τριακόσιαῧ)
482 2701 670 2787 τριάκοντα.
723 2698 851 2789 Κατὰ9)
885 2699 922 2766 δὲ
952 2703 1056 2768 ταῦτα
1088 2699 1203 2786 νῆσός,
1224 2701 1293 2767 ἐστι
1320 2705 1389 2766 Κα-

199 2879 206 2892 ,
243 2812 364 2894 λαυρία
387 2808 442 2874 καὶ
461 2807 557 2886 πόλις
574 2807 629 2874 καὶ
644 2806 757 2894 λιμήν·
782 2805 977 2894 παράπλους
991 2803 1023 2872 δ’
1045 2806 1136 2874 ἐστὶν
1155 2805 1258 2891 αὐτῆς
1272 2804 1391 2872 στάδια

244 2912 422 3000 τριάκοντα
431 2915 477 3000 10).
524 2911 618 2981 Κατὰ
643 2912 680 2980 δὲ
703 2912 828 2999 ταύτην
851 2911 955 3000 νῆσός
979 2915 1047 2982 ἐστι
1070 2914 1125 2980 καλ
1148 2911 1244 2990 πόλις
1266 2920 1390 2997 Αίγινα

242 3020 298 3086 καὶ
317 3021 448 3106 λιμένες
466 3019 538 3086 δύο.
581 3017 759 3107 Ἐπὰνειμι
783 3019 821 3087 δὲ
844 3019 946 3087 πόλιν
970 3020 1022 3086 ἐπὶ
1044 3018 1107 3105 τὴν
1130 3017 1281 3104 ἤπειρον,
1305 3015 1390 3084 ὅθεν

155 3149 233 3202 21H.
246 3125 479 3214 ἐξετραπόμνν.
513 3128 518 3212 Ι
553 3129 604 3194 54.
637 3125 733 3194 Μετὰ
768 3125 805 3193 δὲ
837 3131 1035 3214 Τροιζηνίαν
1065 3123 1162 3203 πόλις
1191 3122 1390 3210 Ἐπίδαυρος

243 3233 298 3300 καὶ
332 3232 443 3320 λιμήν.
497 3232 703 3320 Παρόπλους
736 3233 773 3300 δὲ
804 3237 862 3320 τῆς
891 3231 1096 3317 Ἐπιδαύρου
1127 3229 1237 3320 χώρας
1269 3228 1389 3298 στάδια

244 3338 423 3426 τριάκοντα
433 3340 480 3427 11).
526 3343 578 3408 55.
606 3337 703 3408 Μετὰ
731 3338 762 3405 δ’
795 3337 998 3427 Ἐπίδαυρον
1026 3336 1046 3424 ἡ
1075 3343 1275 3424 Κορινθίων
1299 3335 1400 3422 γοόραΙ

246 3449 335 3515 ἐστὶν
358 3443 430 3535 ἡη)
460 3445 544 3535 πρὸς
575 3445 623 3534 ἠῶ
658 3448 714 3514 καὶ
746 3461 854 3532 τεῖχος
882 3445 1059 3532 Κεγχρειαὶ
1089 3445 1144 3511 καὶ
1177 3441 1314 3528 ἰσθμὸς,
1350 3432 1390 3509 οὗ

246 3552 339 3640 ἱερὸν
369 3557 595 3632 Ποσειδῶνος.
644 3550 812 3621 Ἐνταῦθα
841 3549 861 3638 ἡ
891 3549 1131 3636 Πελοπόνησος
1147 3548 1260 3636 λήγει.
1296 3547 1390 3616 Ἐστι

247 3659 284 3726 δὲ
306 3661 361 3726 καὶ
386 3663 446 3741 ἔξω
470 3665 530 3728 τοῦ
554 3649 686 3748 ίσθμού
710 3659 802 3747 χώρα
826 3662 1028 3746 Κορινθίοις
1055 3658 1110 3724 καὶ
1133 3669 1240 3742 τεῖχος
1263 3658 1392 3732 Σιδοῦς

320 3897 345 3963 1)
363 3895 506 3963 νωγίορος,
525 3910 578 3948 em.
594 3893 711 3946 Salmas.
733 3923 766 3930 -
785 3893 813 3960 θ)
832 3892 922 3959 κίνες,
946 3906 998 3944 em.
1014 3889 1131 3944 Salmas.
1146 3918 1180 3927 —
1195 3889 1222 3957 3)
1236 3882 1391 3954 ὰστυπόλη,

247 4001 299 4038 em.
319 3983 444 4051 Bentley.
464 4013 497 4023 ·—
518 3985 545 4050 4)
564 3977 649 4050 ι’ίρσος
668 3984 697 4036 et
715 3997 779 4035 mox
797 3980 928 4034 ναυτιλία
950 4008 979 4016 -
999 3977 1132 4032 καθῶναι
1151 4009 1184 4017 -
1204 3973 1335 4045 τύρινθα.
1355 4005 1388 4016 -

247 4076 274 4140 5)
294 4067 334 4142 ἐν,
358 4089 409 4126 em.
433 4072 560 4126 Bursian.
581 4103 613 4110 -
639 4073 665 4140 6)
684 4070 805 4139 Lapieus
827 4063 974 4137 τριακόσια
997 4062 1173 4136 πεντήκοντα
1197 4066 1290 4120 habet.
1311 4095 1344 4104 -
1365 4064 1390 4130 7)

248 4156 418 4245 εύθύτατος,
443 4161 551 4216 emend.
574 4159 701 4214 Bursian.
726 4189 758 4200 —
783 4160 810 4226 8)
833 4177 922 4224 τριακ.
946 4156 1061 4212 omittit.
1085 4187 1120 4196 -
1144 4158 1170 4225 9)
1194 4151 1272 4224 μετὰ.
1292 4183 1328 4192 —-
1347 4154 1390 4220 10)

246 4245 402 4319 τριακόσια.
423 4281 455 4290 -
481 4252 524 4319 11)
551 4243 654 4302 ἕκατδν
676 4243 827 4315 τριάκοντα
851 4241 955 4300 maluit'
969 4245 1098 4316 Lapieus.
1119 4275 1151 4284 ...
1173 4245 1216 4311 12)
1240 4237 1257 4310 ἡ
1278 4241 1392 4309 οιαίδλὶλ,

248 4339 318 4393 Gail.
338 4339 449 4418 adjecit.
