3256 5102
722 322 938 386 ,ης-

256 479 311 545 καί
330 476 453 564 Ἕρμος
482 476 644 564 ποταμός,
678 479 888 565 Κλαζομεναὶ
920 479 976 545 καὶ
1010 477 1126 565 λιμῆν,
1157 476 1319 569 Ἐρυθραί
1352 481 1407 548 καὶ

256 585 368 672 λιμῆν.
409 583 503 654 Κατά
523 585 560 652 δὲ
579 583 700 664 ταύτας
718 584 822 671 νῆσός
842 587 911 654 ἐστι
926 591 1007 664 Χίος
1024 587 1078 652 καί
1093 585 1203 673 λιμῆν.
1237 583 1409 674 Ἐπάνειμι

256 691 357 760 πάλιν
382 693 433 760 ἐπὶ
452 691 513 778 τὴν
533 689 681 779 ἤπειρον.
719 681 820 780 Γέραι
828 693 851 780 1)
872 692 969 773 πόλις
986 694 1041 761 καλ
1061 693 1179 780 λιμῆν,
1207 695 1293 774 Τέως
1311 694 1408 775 πόλις

255 799 311 866 καλ
335 797 452 886 λιμήν,
477 799 637 885 Λέβεδος,
661 839 705 848 -
728 797 899 886 Κολοφὼν
923 801 959 867 έν
983 806 1156 891 μεσογείᾳ,
1182 839 1222 852 -
1246 801 1407 890 No'uoffl)

255 906 311 972 καὶ
338 903 454 992 λιμήν,
481 903 691 984 ’Λπόλλωνος
719 911 873 994 Κλαρίου
900 905 1009 992 ίερόν,
1043 906 1220 996 Κάϋστρος
1251 907 1409 995 ποταμός,

255 1009 400 1098 Ἔφεσος
421 1014 477 1080 καὶ
502 1011 618 1101 λιμῆν,
650 1012 879 1101 Μαραδῆσιον
906 1014 962 1080 καί
990 1015 1027 1080 ἕν
1050 1016 1089 1102 τῆ
1120 1015 1309 1104 μεσογείαῧ)
1332 1022 1408 1082 Μα-

154 1165 158 1170 -
256 1124 377 1204 γνησία
415 1119 511 1200 πόλις
543 1117 711 1207 Ἑλληνίς,
741 1117 872 1204 Ἀναία,
904 1117 1118 1205 Πανιώνιον,
1152 1117 1410 1209 Ἐρασιστάτιος,

257 1229 467 1314 Χαραδροῦς,
490 1225 638 1312 Φώκαια,
655 1224 842 1314 Ἀκαδαμίς,
862 1224 1020 1312 Μυκάλη·
1041 1228 1077 1294 έν
1096 1229 1135 1314 τῇ
1157 1233 1297 1314 Σαμίων
1316 1227 1409 1319 χώρα

255 1331 358 1422 ταῦτά
382 1335 482 1402 ἐστιν.
524 1331 598 1422 Πρὸ
623 1333 660 1400 δὲ
683 1336 742 1419 τῆς
766 1331 928 1418 Μυκάλης
952 1330 1067 1419 Σάμος
1090 1333 1158 1401 ἐστὶ
1181 1337 1285 1419 νῆσος
1307 1334 1408 1404 πόλιν

256 1445 379 1526 ἔχοντα
401 1440 457 1507 καὶ
481 1442 599 1527 λιμένα
617 1441 779 1509 κλειστόν.
817 1438 910 1526 Λῧτη
929 1437 950 1526 ἤ
970 1444 1074 1526 νῆσος
1094 1439 1155 1507 οὐκ
1174 1439 1320 1508 ἐλάττων
1339 1443 1408 1512 ἐστὶ

258 1552 353 1614 Χίου.
388 1543 558 1632 Ἐτάνειμι
578 1545 615 1614 δὲ
634 1545 735 1614 πάλιν
754 1547 806 1614 ἐπὶ
823 1545 886 1633 τὴν
905 1544 1055 1634 ἤπειρον,
1075 1543 1159 1614 ὅθεν
1175 1547 1411 1634 έξετραπόμην.

255 1651 327 1720 Ἐπί
354 1655 412 1739 τῆς
441 1650 605 1738 Μυκάλης
633 1653 702 1720 ἐστὶ
729 1651 825 1732 πόλις
853 1652 987 1740 Πριήνη
1016 1655 1152 1738 λιμένας
1180 1659 1301 1740 ἔχουσα
1335 1653 1409 1739 δύο,

158 1771 193 1819 38
207 1767 240 1820 Η.
260 1750 308 1827 ὧν
326 1757 386 1828 τὸν
406 1761 464 1826 ἕνα
486 1758 647 1828 κλειστόν.
668 1767 672 1841 Ι
694 1757 777 1828 Εἶτα
795 1757 942 1847 ποταμὸς
964 1765 1168 1848 Μαίανδρος.
1206 1762 1410 1849 Παράπλους

256 1865 293 1933 δὲ
321 1871 457 1945 Μυσίας
487 1867 543 1934 καὶ
576 1870 718 1952 Λυδίας,
755 1865 811 1934 ἀπ’
841 1865 1043 1957 Ἀστόρων4)
1076 1870 1172 1954 μέχρι
1205 1865 1410 1955 Μαιάνδρου

256 1976 423 2058 ποταμοῦ,
447 1971 510 2040 δύο
534 1968 667 2058 ἡμερῶν
690 1973 746 2039 καὶ
765 1971 887 2052 νυκτὸς
906 1976 991 2059 μιάς.
1029 1978 1079 2042 82.
1105 1972 1200 2044 Μετὰ
1219 1973 1257 2042 δὲ
1277 1978 1410 2042 Λυδίαν

258 2085 369 2166 Καρία
402 2081 491 2148 ἐστὶν
527 2085 643 2165 ἔθνος,
680 2081 735 2148 καὶ
767 2079 881 2159 πόλεις
918 2082 955 2148 ἐν
988 2077 1071 2168 αὐτῇ
1099 2078 1292 2166 Ἑλληνίδες
1323 2084 1410 2148 αἵδε·

252 2183 446 2274 Ἡράκλεια,
474 2183 543 2254 εἶτα
574 2191 738 2272 Μίλητος,
766 2184 836 2253 εἶτα
864 2184 1008 2264 Μόνδος
1034 2188 1089 2252 καί
1117 2184 1233 2272 λιμῆν,
1261 2184 1410 2274 ’Λλικαρ-

257 2292 381 2374 νασσδς
409 2294 463 2361 καί
492 2290 593 2380 λιμῆν
616 2291 768 2372 κλειστδς
792 2293 848 2359 καὶ
865 2290 972 2371 -άλλος
994 2290 1094 2379 λιμὴν
1118 2292 1192 2378 περὶ
1215 2291 1277 2378 τὴν
1301 2295 1408 2377 νῆσον
1431 2333 1435 2342 ·

256 2401 311 2467 καὶ
331 2399 491 2488 ποταμός,
513 2398 679 2486 Κάλυμνα
697 2401 815 2485 νῆσος,
840 2397 1027 2486 Καρόανδα
1045 2403 1148 2486 νῆσος
1166 2399 1221 2466 καὶ
1241 2397 1336 2478 πόλις
1354 2400 1409 2466 καὶ

257 2505 422 2594 λιμήν-
450 2497 544 2574 οὗτοι
572 2508 682 2592 Κάρες
708 2545 763 2589 -,
791 2509 895 2590 νῆσος
923 2509 1001 2586 Κῶς
1028 2507 1083 2574 καί
1111 2504 1208 2585 πόλις
1230 2505 1285 2573 καί
1308 2504 1409 2592 λιμῆν

257 2612 415 2693 κλειστός.
461 2609 555 2680 Κατά
581 2615 685 2680 ταῦτα
714 2609 924 2698 Κεραμιακὸς
949 2610 1072 2691 κόλπος
1100 2616 1159 2698 τῆς
1181 2618 1326 2701 Καρίας,
1355 2613 1410 2679 καί

257 2724 361 2806 νῆσος
380 2721 564 2808 Νίσυροςῧ)
583 2721 638 2788 καὶ
658 2719 768 2807 λιμήν.
798 2716 969 2806 ’Πτάνειμι
987 2718 1089 2788 πάλιν
1108 2719 1161 2786 ἐπὶ
1179 2717 1241 2806 τῆν
1261 2717 1410 2806 ἤπειρον.

255 2824 478 2912 ’Λκρωτήριον
502 2825 594 2912 ίερὸν
618 2825 792 2914 Τριόπιον,
818 2831 945 2906 Κνίδος
964 2825 1059 2906 πόλις
1073 2823 1226 2912 Ἑλληνὶς
1243 2827 1299 2894 καὶ
1318 2824 1408 2912 χώρα
1424 2825 1432 2838 ’

258 2931 278 3020 ἤ
297 2930 438 3000 Ῥοδίων
457 2930 511 3022 ἤθ)
530 2935 567 3000 ἐν
585 2936 624 3020 τῇ
643 2930 784 3023 ἠπείρῳ,
808 2937 946 3013 Καῦνος
965 2931 1096 3020 Καρικῆ
1119 2932 1216 3012 πόλις
1232 2934 1288 3000 καί
1306 2933 1408 3022 λιμὴν

259 3039 421 3128 κλειστός,
444 3039 610 3126 Κράγοςί)
629 3037 848 3128 άκρωτῆριον.
881 3037 997 3117 Ῥόδος
1014 3037 1096 3107 κατά
1114 3043 1214 3106 τοῦτο
1233 3042 1337 3125 νῆσος
1355 3041 1410 3108 καὶ

260 3146 367 3226 πόλις·
390 3147 478 3236 καὶὸ)
502 3150 652 3233 τρίπολις
674 3143 794 3233 άρχαία
824 3149 860 3214 έν
886 3145 968 3236 αὐτῇ
994 3144 1109 3225 πόλεις
1136 3148 1223 3212 αίδε·
1248 3144 1409 3230 Ἰαλνσός,

261 3256 401 3338 Λίνδος,
433 3252 610 3340 Κάμειρος.
657 3251 750 3320 Κατά
784 3253 820 3321 δὲ
849 3252 911 3341 τὴν
939 3251 1058 3322 Ῥόδον
1090 3256 1164 3320 α’ίδε
1194 3257 1297 3340 νῆσοί
1324 3259 1410 3322 είσιν

261 3359 468 3447 οίκοόμεναι·
501 3358 661 3445 Χάλκεια,
702 3362 820 3446 Τῆλος,
852 3360 980 3444 Κάσος,
1015 3355 1217 3449 Κάρπαθος,
1253 3399 1290 3409 -
1325 3359 1408 3447 αὕτη

211 3469 220 3488 “
259 3474 416 3556 τρίπολις.
453 3467 520 3534 Καί
541 3464 558 3534 ὁ
582 3467 776 3553 παράπλους
795 3473 924 3554 Καρίας
947 3465 1011 3536 άπὸ
1031 3466 1238 3553 Μαιάνδρου
1257 3471 1409 3554 ποταμοῦ

161 3589 194 3637 39
209 3584 242 3640 Η,
259 3575 311 3642 ἐπὶ
334 3573 394 3643 τὸν
418 3573 569 3662 Κράγον,
593 3572 613 3642 ὅ
637 3575 705 3641 έοτι
729 3579 858 3662 Καρίας
881 3571 1105 3662 ἀκρωτήριον,
1140 3579 1145 3656 Ι
1180 3571 1409 3662 δύοῆμερῶν.

329 3828 355 3893 1)
366 3820 448 3894 ἄγρα,
458 3843 510 3879 em.
518 3823 545 3878 G.
553 3823 646 3879 Muell.
657 3826 720 3892 -2)
727 3825 820 3878 Verba
830 3819 937 3877 Νότιον
948 3843 972 3881 κ.
984 3827 1006 3877 λ.
1017 3825 1081 3892 posi
1089 3817 1141 3877 ’Λα
1153 3827 1202 3878 Κλ.
1214 3819 1291 3891 ίερὸν
1303 3840 1407 3893 ponen-

256 3915 293 3968 da
311 3916 399 3969 erant.
423 3945 456 3953 -
475 3915 504 3982 3)
527 3913 560 3984 τῇ
580 3907 701 3985 ἠπείρῳ,
725 3929 797 3982 quse
822 3912 845 3966 si
868 3912 990 3966 retinere
1012 3911 1096 3980 velis,
1119 3911 1272 3966 Arconnesi
1296 3912 1404 3968 insulae

256 4003 427 4058 mentionem
449 4003 515 4072 posi
532 4005 651 4071 Μαραθ.
672 4001 806 4058 excidisse
833 4018 896 4056 cum
920 4000 948 4056 C.
968 4001 1104 4056 Muellsro
1124 4003 1239 4058 statuas.
1259 4032 1294 4042 -
1313 4003 1340 4070 4)
1359 3996 1406 4054 ἆσ-

258 4093 374 4162 ουρίων,
393 4109 445 4147 em.
465 4092 544 4147 Voss.
565 4122 598 4130 -
618 4094 645 4159 5)
665 4089 785 4158 συνηοός
803 4086 838 4158 δὴ
859 4081 957 4158 εὖρος,
981 4107 1033 4146 em.
1054 4090 1082 4145 O.
1103 4090 1230 4146 Mueller.
1251 4121 1283 4128 -
1303 4091 1331 4156 6)
1350 4088 1406 4155 καί,

258 4199 310 4237 em.
335 4181 418 4236 idem.
446 4213 476 4220 —
502 4182 529 4250 7)
548 4180 603 4234 Pro
622 4175 735 4248 Κράηος
757 4180 787 4234 C.
811 4179 962 4234 Muellerus
986 4179 1035 4234 hic
1057 4182 1086 4234 et
1109 4179 1138 4236 in
1162 4177 1294 4248 proximis
1314 4173 1405 4229 verbis

259 4265 406 4338 Κρυασσός
425 4270 548 4340 scripsit,
568 4270 617 4324 sed
635 4270 730 4324 nostro
749 4267 816 4322 talis
835 4283 910 4322 error
928 4268 1142 4335 condonandus,
1166 4267 1195 4320 et
1215 4263 1240 4317 si
1258 4263 1327 4332 quid
1345 4281 1407 4317 mu-

261 4359 391 4428 tandum,
416 4354 560 4428 Πηδάλιον
583 4356 795 4428 praeferendum
818 4355 936 4412 videtur.
961 4387 993 4396 -
1018 4357 1045 4425 8)
1068 4355 1140 4424 τρίπ.
1164 4347 1225 4422 άρχ.
1249 4343 1324 4406 καί.Υ
