3256 5102
706 271 920 336 „35-

242 431 350 520 αύτήν
378 433 599 518 Νασαμῶνες,
632 425 770 514 Λιβύων
799 427 948 515 lusos),
981 427 1077 514 μέχρι
1104 429 1165 494 τοῦ
1192 428 1300 512 μυχοῦ
1327 428 1389 494 τοῦ

243 537 292 606 ἐπ’
329 537 498 627 ἀριστερά
530 535 660 604 τούτων
690 532 722 602 δ’
753 539 885 622 ἔχονται
922 531 1078 622 Μάκαι),
1112 532 1250 619 Λιβύων
1275 537 1388 618 ἔθνος,

242 644 331 733 παρά
353 643 415 731 τὴν
440 641 569 730 Σύρτιν
593 643 688 728 μέχρι
710 645 771 710 τοῦ
794 639 956 727 στόματος
978 642 1036 725 τής
1054 637 1230 727 ἃλρτιδος.
1266 645 1327 718 Είς
1350 638 1388 707 δὲ

242 755 305 840 τήν
339 751 468 837 Σύρτιν
501 746 565 816 άπὸ
597 746 803 834 Ἑσπερίδων
840 747 1026 815 εἰσπλέοντι
1053 742 1242 832 Ἡράκλειοι
1278 755 1387 826 θῖνες·

245 865 376 945 ἔχονται
396 855 434 924 δὲ
451 854 580 924 τούτων
600 857 791 942 Δρέπανον,
810 856 909 940 υήσοι
928 853 1072 921 Ποντιαὶ
1090 866 1188 942 τρεῖς,
1206 851 1293 941 καὶὸ)
1312 851 1387 920 τού-

243 993 310 1034 των
330 965 453 1032 Λευκαὶ
471 961 715 1049 καλούμεναιδ).
741 958 797 1028 Ἐν
817 959 854 1027 δέ
872 963 917 1050 τῷ
935 957 1116 1050 κοιλοτάτῳ
1134 963 1193 1046 τῆς
1209 957 1387 1046 Σύρτιδος,

246 1077 283 1142 ἐν
305 1076 351 1164 τῶ
375 1075 479 1162 μυχῷ,
505 1074 677 1138 Φιλαίνων
700 1066 851 1158 βωμοί5),
875 1067 1032 1151 ἐπίνειον,
1047 1065 1225 1153 ’Ἄμμωνος
1248 1063 1387 1156 άλσοςθ).

241 1177 318 1247 ’Λπὸ
341 1177 463 1246 τούτου
488 1175 549 1262 τήν
574 1170 702 1259 Σύρτιν
725 1177 965 1260 παροικοῦντες
993 1175 1027 1241 ol
1052 1171 1169 1240 Μάκαι
1196 1171 1387 1260 χειμάζουσι

245 1286 297 1354 ἐπὶ
316 1281 464 1370 θαλάττῃ
488 1280 528 1350 τδι
551 1279 744 1367 βοσκήματα
761 1284 938 1364 πλείοντες,
960 1283 1021 1348 τοῦ
1040 1279 1078 1348 δὲ
1095 1282 1221 1368 θέρους
1238 1277 1387 1348 ῦπεκλεί

243 1390 379 1459 πόντων
405 1391 474 1457 τῶν
502 1386 637 1456 ὑδάτων
665 1384 893 1454 άπελαύνουσι
918 1384 958 1453 τδι
989 1385 1181 1473 βοσκήματα
1214 1391 1261 1467 είς
1290 1407 1387 1473 μεσο·

244 1503 339 1585 χείαν
367 1493 438 1564 άυω
466 1493 542 1582 μεθ’
574 1495 709 1564 ἑαυτῶν.
754 1491 851 1563 Μετὰ
880 1492 918 1561 δὲ
946 1492 1008 1579 τήν
1036 1491 1198 1584 Σύρτινῖ)
1227 1495 1295 1562 έστι
1324 1521 1387 1582 χω-

243 1610 319 1691 ρίον
355 1600 460 1672 καλὸν
497 1599 552 1668 καὶ
587 1599 697 1685 πόλις,
727 1591 748 1688 ᾖ
777 1599 885 1687 ὄνομα
921 1605 1051 1680 Κίνυψ·
1089 1605 1158 1667 ἔστι
1191 1597 1222 1666 δ’
1258 1605 1388 1687 ἔρημος.

240 1709 319 1779 Ἀπὸ
349 1709 386 1778 δέ
409 1710 500 1788 Νέας
527 1706 652 1786 πόλεως
679 1703 791 1792 ἀπέχει
814 1710 862 1785 είς
888 1703 949 1792 τήν
973 1703 1102 1793 Σύρτιν
1126 1704 1245 1773 στάδια
1268 1704 1388 1793 ὀγδοή-

242 1817 385 1903 κονταὸ).
431 1811 503 1880 ‘uss'
543 1811 655 1880 αὐτῶν
693 1809 723 1878 δ’
760 1812 830 1880 ἐστὶ
861 1811 1009 1899 ποταμὸς
1040 1817 1167 1896 Κίνυψ,
1197 1812 1253 1878 καὶ
1284 1815 1388 1898 νήσος

242 1919 359 1988 ῦπεστι
387 1917 471 2008 πρὸς
497 1917 557 1987 τὸν
580 1915 740 2004 ποταμόν.
790 1916 835 1986 Τὸ
859 1917 896 1985 δὲ
919 1917 1029 2004 βάθος
1050 1928 1107 2005 τῆς
1130 1917 1299 2005 Σύρτιδος
1322 1925 1386 1988 ἔσω

241 2030 309 2096 τῶν
329 2023 535 2113 Ἑσπερίδων
557 2022 641 2112 πρὸς
663 2021 743 2104 τοῦς
769 2028 942 2092 Φιλαίνων
970 2021 1105 2110 βωμούς
1128 2029 1175 2105 είς
1196 2023 1257 2094 τὸν
1279 2025 1388 2114 μυχὸν

240 2135 301 2202 τοῦ
324 2131 452 2202 κόλπου
474 2134 577 2210 πλοῦς
600 2127 734 2219 ἡμερῶν
757 2132 862 2216 τριῶν
885 2129 940 2196 καὶ
958 2134 1103 2216 νυκτῶν,
1127 2131 1248 2212 πλάτος
1268 2131 1299 2200 δ’
1321 2131 1387 2202 άπὸ

243 2244 399 2326 Κίνυφος
425 2241 577 2324 ποταμοῦ
604 2235 687 2322 πρὸς
717 2235 775 2317 τδις
802 2234 932 2316 Λευκάς
947 2307 950 2312 ,
963 2235 1089 2322 νήσους
1117 2241 1222 2318 πλοῦς
1253 2236 1388 2327 ἡμερῶν

244 2345 410 2431 τεττάρων
432 2345 488 2411 καὶ
511 2347 644 2412 νυκτῶν
666 2341 840 2430 τεττάρων.
887 2347 938 2412 93.
966 2341 1013 2410 Τὰ
1036 2341 1067 2410 δ’
1099 2345 1160 2424 ἔξω
1182 2349 1241 2431 τής
1263 2345 1387 2433 Σύρτι-

241 2455 303 2532 δος
323 2455 523 2539 παροικοῦσι
543 2455 666 2536 Λίβυες
681 2448 883 2537 Λωτοφάγοι
903 2456 1004 2531 έθνος
1022 2452 1117 2539 μέχρι
1139 2455 1200 2519 τοῦ
1225 2451 1387 2540 στόματος

239 2562 298 2644 τῆς
326 2558 438 2643 ἑτέρας
461 2555 638 2644 Σύρτιδος.
685 2548 789 2624 Οὗτοι
816 2561 909 2650 λωτῷ
937 2560 1084 2645 χρῶνται
1108 2562 1188 2649 σίτῳ
1211 2559 1266 2625 καί
1289 2571 1385 2650 ποτῷ.

238 2663 315 2734 Ἀπὸ
349 2663 386 2732 δὲ
418 2665 509 2743 Νέας
545 2661 673 2742 πόλεως
705 2667 763 2750 τῆς
795 2667 1042 2750 Καρχηδονίων
1073 2663 1183 2752 χῶρας
1210 2663 1385 2755 Γάφαραθ)

238 2771 346 2850 πόλις·
374 2769 539 2857 ταύτήςῑο)
562 2767 757 2856 παράπλους
784 2767 907 2856 ἡμέρας
934 2773 1011 2857 μιῦς
1038 2768 1103 2839 άπὸ
1131 2773 1223 2850 Νέας
1249 2769 1385 2852 πόλεως.

237 2875 316 2944 ’Λπὸ
346 2875 383 2944 δέ
407 2875 576 2962 Γαφάρων
602 2873 805 2964 Ἀβρότονον
829 2874 924 2955 πόλις
950 2875 1006 2943 καλ
1035 2875 1149 2963 λιμήν·
1184 2884 1188 2958 Ι
1222 2875 1342 2963 ταύτης
1366 2875 1429 2947 δ48
1439 2892 1474 2948 Η.

239 2981 432 3069 παράπλους
463 2979 587 3068 ἡμέρας
615 2986 700 3069 μιάς.
752 2979 829 3050 Ἀπὸ
863 2980 895 3049 δ’
930 2979 1134 3070 Ἀβροτόνου
1170 2984 1386 3073 Ταριχεῑαιῑῑ)

238 3089 333 3169 πόλις
362 3089 417 3156 καί
447 3088 561 3175 λιμήν·
596 3087 790 3175 παράπλους
819 3085 875 3157 ἀπ’
914 3085 1114 3177 ’Λβροτόυου
1142 3087 1266 3180 ἡμέρας
1300 3095 1385 3179 μιᾶς.

238 3193 381 3282 Mecum)
406 3194 443 3262 δὲ
466 3192 569 3261 ταῦτά
593 3195 661 3261 ἐστι
680 3198 797 3280 νήσος,
820 3186 842 3283 ή
866 3194 974 3282 ὄνομα
992 3199 1175 3283 Ταριχειῶν
1184 3195 1234 3284 13)·
1263 3197 1385 3266 ἔστιδὲ

239 3298 259 3387 ἡ
285 3305 391 3387 νῆσος
413 3298 496 3386 αῦτη
517 3303 663 3367 σταδίων
681 3307 893 3386 τριακοσίων,
915 3300 1038 3381 πλάτος
1052 3300 1090 3369 δὲ
1104 3305 1209 3393 μικρῷ
1224 3301 1385 3371 ἐλάττων·

244 3406 356 3496 ἀπέχει
385 3406 416 3474 δ’
447 3405 511 3475 άπὸ
539 3410 597 3493 τῆς
624 3405 765 3494 ήπείρου
797 3404 875 3475 ῶσεὶ
903 3407 1022 3476 στάδια
1050 3414 1134 3496 τρί.
1185 3406 1242 3478 Ἐν
1275 3408 1312 3477 δὲ
1343 3414 1383 3498 τή

241 3583 453 3590 --.-.-.--

310 3677 335 3742 1)
358 3669 464 3746 λιβύων
484 3672 570 3736 ἔθνος
593 3675 768 3744 υασαμῶνες.
788 3706 822 3716 υ-
847 3677 875 3746 2)
897 3677 977 3733 Hane
998 3695 1096 3734 vocem
1119 3678 1208 3734 codex
1229 3680 1304 3734 male
1321 3682 1385 3750 post

236 3759 376 3832 Σῦρτιδος
398 3763 492 3818 habet.
510 3793 546 3806 -
565 3765 592 3832 3)
611 3760 692 3821 κατά.
714 3796 746 3805 -
766 3768 795 3834 4)
814 3765 975 3822 καλοῦνται.
995 3798 1029 3808 -
1049 3769 1076 3837 5)
1095 3772 1210 3838 φιλαῖου
1230 3763 1330 3841 βωμός.
1350 3799 1383 3810 -

236 3855 263 3919 6)
281 3847 368 3913 ἁλούς
388 3853 437 3920 τῆς
456 3847 598 3921 σύρτιδος,
618 3869 670 3908 em.
689 3852 718 3910 O.
738 3854 864 3909 Mueller.
884 3885 919 3894 -
944 3857 970 3924 λ)
989 3850 1085 3925 σύρειν
1105 3854 1158 3922 ἔξω
1177 3857 1227 3926 τῆς
1245 3851 1384 3926 σύρτιδος,

237 3939 344 3994 Gallius
363 3942 502 4009 glossema
521 3941 613 4011 ejecit.
632 3973 665 3982 ·-
693 3944 721 4012 8)
740 3943 815 3997 Post.
835 3937 895 4011 όγδ.
916 3943 995 3998 addis
1012 3940 1121 4015 πάντῃ,
1145 3945 1219 4013 quod
1238 3945 1267 4001 C.
1286 3945 1382 4001 Musll.

233 4001 311 4094 tecle
336 4028 449 4084 suevit.
475 4061 508 4070 -
532 4033 560 4098 ο)
582 4027 717 4100 γρεφιρα
741 4035 770 4086 ει
792 4032 894 4087 deinde
917 4029 1081 4103 ,ραφειοι
1107 4051 1159 4090 em.
1184 4033 1214 4090 ο,
1233 4034 1328 4089 uueu.
1349 4067 1382 4076 -

237 4121 280 4185 10)
299 4112 404 4188 ταύτῃ,
428 4135 479 4173 em.
496 4118 568 4172 Geil.
582 4150 618 4158 ——
638 4122 681 4188 ll)
700 4124 817 4191 ταριλία,
837 4121 886 4177 sed
904 4125 1003 4191 postea
1016 4142 1172 4193 ταριχειιιν.
1187 4153 1220 4163 -
1241 4127 1285 4192 12)
1300 4121 1382 4194 κατά,

236 4222 288 4260 em.
307 4205 336 4260 C.
355 4205 482 4263 Mueller.
512 4237 546 4246 -
576 4209 618 4274 13)
638 4209 776 4278 βραχείων
795 4211 880 4278 (quod
899 4210 929 4265 C.
943 4211 1038 4266 Musll.
1058 4211 1184 4279 retinuit)
1208 4207 1278 4282 μετὰ
1298 4216 1379 4267 λωτο·

235 4290 345 4365 φάρσος
363 4297 540 4366 καταριχίας,
560 4313 633 4365 ques
652 4313 667 4351 e
685 4298 879 4370 dittographis
901 4301 930 4355 st
952 4301 1154 4371 marginalibus
1173 4303 1235 4355 orte
1253 4302 1326 4355 sunl.

1131 4390 1168 4445 3*
