<?xml version="1.0" encoding="UTF-8"?>
<!DOCTYPE html PUBLIC "-//W3C//DTD XHTML 1.0 Transitional//EN"
    "http://www.w3.org/TR/xhtml1/DTD/xhtml1-transitional.dtd">
<html xmlns="http://www.w3.org/1999/xhtml" xml:lang="en" lang="en">
 <head>
  <title>
</title>
<meta http-equiv="Content-Type" content="text/html;charset=utf-8" />
  <meta name='ocr-system' content='tesseract 3.04.00' />
  <meta name='ocr-capabilities' content='ocr_page ocr_carea ocr_par ocr_line ocrx_word'/>
</head>
<body>
  <div class='ocr_page' id='page_1' title='image "./anonymivulgoscy00dietgoog_0024.png"; bbox 0 0 3256 5102; ppageno 0'>
   <div class='ocr_carea' id='block_1_1' title="bbox 694 313 911 376">
    <p class='ocr_par' dir='ltr' id='par_1_1' title="bbox 694 313 911 376">
     <span class='ocr_line' id='line_1_1' title="bbox 694 313 911 376; baseline 0 -18"><span class='ocrx_word' id='word_1_1' title='bbox 694 313 911 376; x_wconf 63' lang='lat'><strong><em>„19-</em></strong></span> 
     </span>
    </p>
   </div>
   <div class='ocr_carea' id='block_1_2' title="bbox 228 465 1558 3854">
    <p class='ocr_par' dir='ltr' id='par_1_2' title="bbox 228 465 1558 3854">
     <span class='ocr_line' id='line_1_2' title="bbox 232 465 1374 559; baseline -0.009 -19"><span class='ocrx_word' id='word_1_2' title='bbox 232 474 287 540; x_wconf 81' lang='grc' dir='ltr'><strong><em>καί</em></strong></span> <span class='ocrx_word' id='word_1_3' title='bbox 311 473 424 559; x_wconf 78' lang='grc' dir='ltr'><strong><em>ἕτερον</em></strong></span> <span class='ocrx_word' id='word_1_4' title='bbox 446 485 554 558; x_wconf 80' lang='grc' dir='ltr'><strong><em>τεῖχος</em></strong></span> <span class='ocrx_word' id='word_1_5' title='bbox 572 468 773 557; x_wconf 84' lang='grc' dir='ltr'><strong><em>Κρεμμυύν.</em></strong></span> <span class='ocrx_word' id='word_1_6' title='bbox 819 467 1023 554; x_wconf 83' lang='grc' dir='ltr'><strong><em>Παράπλους</em></strong></span> <span class='ocrx_word' id='word_1_7' title='bbox 1042 465 1079 532; x_wconf 75' lang='grc' dir='ltr'><strong><em>δέ</em></strong></span> <span class='ocrx_word' id='word_1_8' title='bbox 1097 468 1155 550; x_wconf 90' lang='grc' dir='ltr'><strong><em>τῆς</em></strong></span> <span class='ocrx_word' id='word_1_9' title='bbox 1174 469 1374 548; x_wconf 75' lang='grc' dir='ltr'><strong><em>Κορινθίων</em></strong></span> 
     </span>
     <span class='ocr_line' id='line_1_3' title="bbox 232 571 1374 666; baseline -0.007 -20"><span class='ocrx_word' id='word_1_10' title='bbox 232 579 342 666; x_wconf 79' lang='grc' dir='ltr'><strong><em>χώρας</em></strong></span> <span class='ocrx_word' id='word_1_11' title='bbox 373 580 468 666; x_wconf 83' lang='grc' dir='ltr'><strong><em>μέχρι</em></strong></span> <span class='ocrx_word' id='word_1_12' title='bbox 499 581 568 645; x_wconf 82' lang='grc' dir='ltr'><strong><em>τῶν</em></strong></span> <span class='ocrx_word' id='word_1_13' title='bbox 602 574 706 665; x_wconf 90' lang='grc' dir='ltr'><strong><em>ὁρίων</em></strong></span> <span class='ocrx_word' id='word_1_14' title='bbox 733 579 802 646; x_wconf 79' lang='grc' dir='ltr'><strong><em>τάν</em></strong></span> <span class='ocrx_word' id='word_1_15' title='bbox 830 575 1018 660; x_wconf 77' lang='grc' dir='ltr'><strong><em>Μεγαρέων</em></strong></span> <span class='ocrx_word' id='word_1_16' title='bbox 1046 571 1164 640; x_wconf 78' lang='grc' dir='ltr'><strong><em>στάδια</em></strong></span> <span class='ocrx_word' id='word_1_17' title='bbox 1192 571 1374 658; x_wconf 81' lang='grc' dir='ltr'><strong><em>τριακόσια.</em></strong></span> 
     </span>
     <span class='ocr_line' id='line_1_4' title="bbox 234 679 1375 772; baseline -0.007 -18"><span class='ocrx_word' id='word_1_18' title='bbox 234 689 286 754; x_wconf 85' lang='grc'><strong><em>56.</em></strong></span> <span class='ocrx_word' id='word_1_19' title='bbox 315 684 393 754; x_wconf 82' lang='grc' dir='ltr'><strong><em>Ἀπὸ</em></strong></span> <span class='ocrx_word' id='word_1_20' title='bbox 419 683 455 750; x_wconf 78' lang='grc' dir='ltr'><strong><em>δὲ</em></strong></span> <span class='ocrx_word' id='word_1_21' title='bbox 478 688 537 769; x_wconf 89' lang='grc' dir='ltr'><strong><em>τῆς</em></strong></span> <span class='ocrx_word' id='word_1_22' title='bbox 559 689 758 772; x_wconf 76' lang='grc' dir='ltr'><strong><em>Κορινθίων</em></strong></span> <span class='ocrx_word' id='word_1_23' title='bbox 781 681 891 770; x_wconf 77' lang='grc' dir='ltr'><strong><em>χώρας</em></strong></span> <span class='ocrx_word' id='word_1_24' title='bbox 913 681 1088 769; x_wconf 57' lang='grc' dir='ltr'><strong><em>Μέγαραῑ)</em></strong></span> <span class='ocrx_word' id='word_1_25' title='bbox 1111 679 1206 758; x_wconf 91' lang='grc' dir='ltr'><strong><em>πόλις</em></strong></span> <span class='ocrx_word' id='word_1_26' title='bbox 1229 679 1298 747; x_wconf 76' lang='grc' dir='ltr'><strong><em>ἐστὶ</em></strong></span> <span class='ocrx_word' id='word_1_27' title='bbox 1320 679 1375 746; x_wconf 81' lang='grc' dir='ltr'><strong><em>καί</em></strong></span> 
     </span>
     <span class='ocr_line' id='line_1_5' title="bbox 234 785 1376 878; baseline -0.007 -18"><span class='ocrx_word' id='word_1_28' title='bbox 234 791 336 878; x_wconf 84' lang='grc' dir='ltr'><strong><em>λιμὴν</em></strong></span> <span class='ocrx_word' id='word_1_29' title='bbox 353 792 409 858; x_wconf 80' lang='grc' dir='ltr'><strong><em>καὶ</em></strong></span> <span class='ocrx_word' id='word_1_30' title='bbox 423 796 552 858; x_wconf 91' lang='grc' dir='ltr'><strong><em>Νίσαια</em></strong></span> <span class='ocrx_word' id='word_1_31' title='bbox 565 804 680 876; x_wconf 78' lang='grc' dir='ltr'><strong><em>τεῖχος.</em></strong></span> <span class='ocrx_word' id='word_1_32' title='bbox 717 787 922 878; x_wconf 89' lang='grc' dir='ltr'><strong><em>Παράπλους</em></strong></span> <span class='ocrx_word' id='word_1_33' title='bbox 938 788 975 854; x_wconf 76' lang='grc' dir='ltr'><strong><em>δὲ</em></strong></span> <span class='ocrx_word' id='word_1_34' title='bbox 988 791 1048 873; x_wconf 91' lang='grc' dir='ltr'><strong><em>τῆς</em></strong></span> <span class='ocrx_word' id='word_1_35' title='bbox 1061 788 1247 874; x_wconf 80' lang='grc' dir='ltr'><strong><em>Μεγαρέων</em></strong></span> <span class='ocrx_word' id='word_1_36' title='bbox 1266 785 1376 873; x_wconf 77' lang='grc' dir='ltr'><strong><em>χώρας</em></strong></span> 
     </span>
     <span class='ocr_line' id='line_1_6' title="bbox 233 887 1376 986; baseline -0.006 -20"><span class='ocrx_word' id='word_1_37' title='bbox 233 901 346 986; x_wconf 82' lang='grc' dir='ltr'><strong><em>μέχρις</em></strong></span> <span class='ocrx_word' id='word_1_38' title='bbox 368 895 545 986; x_wconf 52' lang='grc' dir='ltr'><strong><em>Ἰαπίὰοςῖ)</em></strong></span> <span class='ocrx_word' id='word_1_39' title='bbox 568 937 605 946; x_wconf 83' lang='lat'>—</span> <span class='ocrx_word' id='word_1_40' title='bbox 627 897 696 964; x_wconf 80' lang='grc' dir='ltr'><strong><em>ἐστί</em></strong></span> <span class='ocrx_word' id='word_1_41' title='bbox 714 895 779 984; x_wconf 89' lang='grc' dir='ltr'><strong><em>γὰρ</em></strong></span> <span class='ocrx_word' id='word_1_42' title='bbox 799 887 898 974; x_wconf 82' lang='grc' dir='ltr'><strong><em>οὗτος</em></strong></span> <span class='ocrx_word' id='word_1_43' title='bbox 921 893 1000 982; x_wconf 82' lang='grc' dir='ltr'><strong><em>ὅρος</em></strong></span> <span class='ocrx_word' id='word_1_44' title='bbox 1022 897 1079 980; x_wconf 88' lang='grc' dir='ltr'><strong><em>τῆς</em></strong></span> <span class='ocrx_word' id='word_1_45' title='bbox 1099 891 1290 980; x_wconf 79' lang='grc' dir='ltr'><strong><em>Ἀθηναίων</em></strong></span> <span class='ocrx_word' id='word_1_46' title='bbox 1314 892 1376 978; x_wconf 84' lang='grc' dir='ltr'><strong><em>χύ-</em></strong></span> 
     </span>
     <span class='ocr_line' id='line_1_7' title="bbox 233 996 1378 1092; baseline -0.004 -21"><span class='ocrx_word' id='word_1_47' title='bbox 233 1031 293 1092; x_wconf 91' lang='grc' dir='ltr'><strong><em>ρας</em></strong></span> <span class='ocrx_word' id='word_1_48' title='bbox 314 1045 352 1054; x_wconf 86' lang='grc'>-</span> <span class='ocrx_word' id='word_1_49' title='bbox 373 996 493 1072; x_wconf 74' lang='grc' dir='ltr'><strong><em>στάδια</em></strong></span> <span class='ocrx_word' id='word_1_50' title='bbox 516 1002 633 1072; x_wconf 83' lang='grc' dir='ltr'><strong><em>ἑκατὸν</em></strong></span> <span class='ocrx_word' id='word_1_51' title='bbox 655 1002 905 1091; x_wconf 88' lang='grc' dir='ltr'><strong><em>τετταράκοντα.</em></strong></span> <span class='ocrx_word' id='word_1_52' title='bbox 951 1003 1003 1068; x_wconf 79' lang='grc'><strong><em>57.</em></strong></span> <span class='ocrx_word' id='word_1_53' title='bbox 1027 999 1123 1068; x_wconf 88' lang='grc' dir='ltr'><strong><em>Μετὰ</em></strong></span> <span class='ocrx_word' id='word_1_54' title='bbox 1148 999 1185 1068; x_wconf 76' lang='grc' dir='ltr'><strong><em>δὲ</em></strong></span> <span class='ocrx_word' id='word_1_55' title='bbox 1209 999 1378 1089; x_wconf 74' lang='grc' dir='ltr'><strong><em>Μεγαρεῖς</em></strong></span> 
     </span>
     <span class='ocr_line' id='line_1_8' title="bbox 232 1104 1376 1197; baseline -0.003 -19"><span class='ocrx_word' id='word_1_56' title='bbox 232 1112 319 1180; x_wconf 85' lang='grc' dir='ltr'><strong><em>είσὶν</em></strong></span> <span class='ocrx_word' id='word_1_57' title='bbox 339 1109 531 1197; x_wconf 87' lang='grc' dir='ltr'><strong><em>Ἀθηναίων</em></strong></span> <span class='ocrx_word' id='word_1_58' title='bbox 554 1109 677 1188; x_wconf 86' lang='grc' dir='ltr'><strong><em>πόλεις.</em></strong></span> <span class='ocrx_word' id='word_1_59' title='bbox 722 1110 791 1176; x_wconf 75' lang='grc' dir='ltr'><strong><em>Καὶ</em></strong></span> <span class='ocrx_word' id='word_1_60' title='bbox 814 1111 948 1196; x_wconf 76' lang='grc' dir='ltr'><strong><em>πρῶτον</em></strong></span> <span class='ocrx_word' id='word_1_61' title='bbox 970 1111 1028 1193; x_wconf 90' lang='grc' dir='ltr'><strong><em>τῆς</em></strong></span> <span class='ocrx_word' id='word_1_62' title='bbox 1052 1104 1199 1192; x_wconf 79' lang='grc' dir='ltr'><strong><em>Ἀττικῆς</em></strong></span> <span class='ocrx_word' id='word_1_63' title='bbox 1219 1105 1376 1192; x_wconf 82' lang='grc' dir='ltr'><strong><em>Ἐλευσὶς,</em></strong></span> 
     </span>
     <span class='ocr_line' id='line_1_9' title="bbox 235 1210 1378 1304; baseline -0.004 -19"><span class='ocrx_word' id='word_1_64' title='bbox 235 1210 276 1285; x_wconf 79' lang='grc' dir='ltr'><strong><em>οὗ</em></strong></span> <span class='ocrx_word' id='word_1_65' title='bbox 310 1217 403 1304; x_wconf 86' lang='grc' dir='ltr'><strong><em>ίερὸν</em></strong></span> <span class='ocrx_word' id='word_1_66' title='bbox 436 1215 618 1304; x_wconf 80' lang='grc' dir='ltr'><strong><em>Δήμητρός</em></strong></span> <span class='ocrx_word' id='word_1_67' title='bbox 652 1219 720 1284; x_wconf 82' lang='grc' dir='ltr'><strong><em>ἐστι</em></strong></span> <span class='ocrx_word' id='word_1_68' title='bbox 755 1217 812 1282; x_wconf 84' lang='grc' dir='ltr'><strong><em>καὶ</em></strong></span> <span class='ocrx_word' id='word_1_69' title='bbox 842 1214 991 1303; x_wconf 55' lang='grc' dir='ltr'><strong><em>τείχοςθ).</em></strong></span> <span class='ocrx_word' id='word_1_70' title='bbox 1046 1213 1141 1281; x_wconf 82' lang='grc' dir='ltr'><strong><em>Κατὰ</em></strong></span> <span class='ocrx_word' id='word_1_71' title='bbox 1177 1212 1277 1282; x_wconf 85' lang='grc' dir='ltr'><strong><em>τοῦτό</em></strong></span> <span class='ocrx_word' id='word_1_72' title='bbox 1309 1216 1378 1282; x_wconf 82' lang='grc' dir='ltr'><strong><em>ἐστι</em></strong></span> 
     </span>
     <span class='ocr_line' id='line_1_10' title="bbox 234 1317 1379 1411; baseline -0.002 -22"><span class='ocrx_word' id='word_1_73' title='bbox 234 1324 387 1411; x_wconf 83' lang='grc' dir='ltr'><strong><em>Σαλαμίς</em></strong></span> <span class='ocrx_word' id='word_1_74' title='bbox 414 1326 517 1408; x_wconf 86' lang='grc' dir='ltr'><strong><em>νῆσος</em></strong></span> <span class='ocrx_word' id='word_1_75' title='bbox 543 1323 599 1390; x_wconf 85' lang='grc' dir='ltr'><strong><em>καὶ</em></strong></span> <span class='ocrx_word' id='word_1_76' title='bbox 627 1321 724 1400; x_wconf 80' lang='grc' dir='ltr'><strong><em>πόλις</em></strong></span> <span class='ocrx_word' id='word_1_77' title='bbox 750 1322 805 1388; x_wconf 81' lang='grc' dir='ltr'><strong><em>καί</em></strong></span> <span class='ocrx_word' id='word_1_78' title='bbox 833 1320 943 1408; x_wconf 90' lang='grc' dir='ltr'><strong><em>λιμῆν.</em></strong></span> <span class='ocrx_word' id='word_1_79' title='bbox 984 1319 1120 1388; x_wconf 81' lang='grc' dir='ltr'><strong><em>Ἔπειτα</em></strong></span> <span class='ocrx_word' id='word_1_80' title='bbox 1152 1317 1169 1386; x_wconf 88' lang='grc' dir='ltr'>ὁ</span> <span class='ocrx_word' id='word_1_81' title='bbox 1198 1319 1379 1407; x_wconf 82' lang='grc' dir='ltr'><strong><em>Πειραιεὺς</em></strong></span> 
     </span>
     <span class='ocr_line' id='line_1_11' title="bbox 234 1424 1378 1515; baseline -0.003 -19"><span class='ocrx_word' id='word_1_82' title='bbox 234 1431 289 1497; x_wconf 81' lang='grc' dir='ltr'><strong><em>καί</em></strong></span> <span class='ocrx_word' id='word_1_83' title='bbox 321 1427 361 1497; x_wconf 90' lang='grc' dir='ltr'><strong><em>τὰ</em></strong></span> <span class='ocrx_word' id='word_1_84' title='bbox 395 1430 493 1514; x_wconf 82' lang='grc' dir='ltr'><strong><em>σκέλη</em></strong></span> <span class='ocrx_word' id='word_1_85' title='bbox 525 1429 581 1496; x_wconf 83' lang='grc' dir='ltr'><strong><em>καλ</em></strong></span> <span class='ocrx_word' id='word_1_86' title='bbox 610 1425 761 1514; x_wconf 80' lang='grc' dir='ltr'><strong><em>Ἀθῆναι.</em></strong></span> <span class='ocrx_word' id='word_1_87' title='bbox 809 1424 844 1494; x_wconf 89' lang='grc' dir='ltr'><strong><em>Ὁ</em></strong></span> <span class='ocrx_word' id='word_1_88' title='bbox 873 1426 910 1495; x_wconf 71' lang='grc' dir='ltr'><strong><em>δὲ</em></strong></span> <span class='ocrx_word' id='word_1_89' title='bbox 938 1425 1116 1515; x_wconf 83' lang='grc' dir='ltr'><strong><em>Πειραιεύς</em></strong></span> <span class='ocrx_word' id='word_1_90' title='bbox 1145 1429 1281 1513; x_wconf 83' lang='grc' dir='ltr'><strong><em>λιμένας</em></strong></span> <span class='ocrx_word' id='word_1_91' title='bbox 1313 1431 1378 1511; x_wconf 78' lang='grc' dir='ltr'><strong><em>ἔχει</em></strong></span> 
     </span>
     <span class='ocr_line' id='line_1_12' title="bbox 234 1531 1380 1621; baseline -0.003 -18"><span class='ocrx_word' id='word_1_92' title='bbox 234 1549 330 1618; x_wconf 81' lang='grc' dir='ltr'><strong><em>τρεῖς.</em></strong></span> <span class='ocrx_word' id='word_1_93' title='bbox 372 1533 599 1621; x_wconf 75' lang='grc' dir='ltr'><strong><em>Ἀνάφλυστος</em></strong></span> <span class='ocrx_word' id='word_1_94' title='bbox 624 1548 732 1620; x_wconf 75' lang='grc' dir='ltr'><strong><em>τεῖχος</em></strong></span> <span class='ocrx_word' id='word_1_95' title='bbox 758 1534 814 1601; x_wconf 80' lang='grc' dir='ltr'><strong><em>καὶ</em></strong></span> <span class='ocrx_word' id='word_1_96' title='bbox 842 1532 958 1620; x_wconf 80' lang='grc' dir='ltr'><strong><em>λιμήν·</em></strong></span> <span class='ocrx_word' id='word_1_97' title='bbox 989 1535 1140 1601; x_wconf 80' lang='grc' dir='ltr'><strong><em>Σούνιον</em></strong></span> <span class='ocrx_word' id='word_1_98' title='bbox 1171 1531 1380 1620; x_wconf 78' lang='grc' dir='ltr'><strong><em>ἀκρωτήριον</em></strong></span> 
     </span>
     <span class='ocr_line' id='line_1_13' title="bbox 234 1637 1380 1729; baseline -0.003 -21"><span class='ocrx_word' id='word_1_99' title='bbox 234 1643 289 1710; x_wconf 81' lang='grc' dir='ltr'><strong><em>καί</em></strong></span> <span class='ocrx_word' id='word_1_100' title='bbox 316 1655 438 1728; x_wconf 81' lang='grc' dir='ltr'><strong><em>τεῖχος,</em></strong></span> <span class='ocrx_word' id='word_1_101' title='bbox 468 1638 560 1729; x_wconf 76' lang='grc' dir='ltr'><strong><em>ἱερὸν</em></strong></span> <span class='ocrx_word' id='word_1_102' title='bbox 584 1643 814 1718; x_wconf 77' lang='grc' dir='ltr'><strong><em>Ποσειδῶνος·</em></strong></span> <span class='ocrx_word' id='word_1_103' title='bbox 845 1637 1019 1727; x_wconf 45' lang='grc' dir='ltr'><strong><em>Θορικὸςι)</em></strong></span> <span class='ocrx_word' id='word_1_104' title='bbox 1042 1653 1149 1724; x_wconf 81' lang='grc' dir='ltr'><strong><em>τεῖχος</em></strong></span> <span class='ocrx_word' id='word_1_105' title='bbox 1171 1641 1226 1706; x_wconf 85' lang='grc' dir='ltr'><strong><em>καὶ</em></strong></span> <span class='ocrx_word' id='word_1_106' title='bbox 1249 1641 1380 1725; x_wconf 81' lang='grc' dir='ltr'><strong><em>λιμένες</em></strong></span> 
     </span>
     <span class='ocr_line' id='line_1_14' title="bbox 236 1743 1558 1839; baseline -0.004 -23"><span class='ocrx_word' id='word_1_107' title='bbox 236 1747 312 1816; x_wconf 75' lang='grc' dir='ltr'><strong><em>δύο·</em></strong></span> <span class='ocrx_word' id='word_1_108' title='bbox 346 1747 511 1834; x_wconf 80' lang='grc' dir='ltr'><strong><em>Ῥαμνοῦς</em></strong></span> <span class='ocrx_word' id='word_1_109' title='bbox 542 1759 657 1831; x_wconf 78' lang='grc' dir='ltr'><strong><em>τεῖχος.</em></strong></span> <span class='ocrx_word' id='word_1_110' title='bbox 692 1752 696 1826; x_wconf 95' lang='grc' dir='ltr'>Ι</span> <span class='ocrx_word' id='word_1_111' title='bbox 730 1746 808 1812; x_wconf 66' lang='lat' dir='ltr'><strong><em>Em</em></strong></span> <span class='ocrx_word' id='word_1_112' title='bbox 839 1744 877 1812; x_wconf 78' lang='grc' dir='ltr'><strong><em>δέ</em></strong></span> <span class='ocrx_word' id='word_1_113' title='bbox 905 1746 961 1811; x_wconf 89' lang='grc' dir='ltr'><strong><em>καὶ</em></strong></span> <span class='ocrx_word' id='word_1_114' title='bbox 991 1743 1086 1812; x_wconf 88' lang='grc' dir='ltr'><strong><em>άλλοι</em></strong></span> <span class='ocrx_word' id='word_1_115' title='bbox 1116 1745 1247 1831; x_wconf 86' lang='grc' dir='ltr'><strong><em>λιμένες</em></strong></span> <span class='ocrx_word' id='word_1_116' title='bbox 1274 1747 1311 1812; x_wconf 87' lang='grc' dir='ltr'><strong><em>έν</em></strong></span> <span class='ocrx_word' id='word_1_117' title='bbox 1340 1747 1424 1832; x_wconf 65' lang='grc' dir='ltr'><strong><em>τῆνα</em></strong></span> <span class='ocrx_word' id='word_1_118' title='bbox 1434 1767 1469 1819; x_wconf 82' lang='grc' dir='ltr'><strong><em>Η,</em></strong></span> <span class='ocrx_word' id='word_1_119' title='bbox 1555 1833 1558 1839; x_wconf 88' lang='lat'>.</span> 
     </span>
     <span class='ocr_line' id='line_1_15' title="bbox 239 1848 1382 1942; baseline -0.003 -22"><span class='ocrx_word' id='word_1_120' title='bbox 239 1858 360 1942; x_wconf 85' lang='grc' dir='ltr'><strong><em>Αττικῆ</em></strong></span> <span class='ocrx_word' id='word_1_121' title='bbox 383 1857 511 1920; x_wconf 91' lang='grc' dir='ltr'><strong><em>πολλοί.</em></strong></span> <span class='ocrx_word' id='word_1_122' title='bbox 548 1856 738 1937; x_wconf 85' lang='grc' dir='ltr'><strong><em>Περίπλους</em></strong></span> <span class='ocrx_word' id='word_1_123' title='bbox 750 1854 809 1936; x_wconf 90' lang='grc' dir='ltr'><strong><em>τῆς</em></strong></span> <span class='ocrx_word' id='word_1_124' title='bbox 830 1848 1021 1936; x_wconf 78' lang='grc' dir='ltr'><strong><em>Ἀθηναίων</em></strong></span> <span class='ocrx_word' id='word_1_125' title='bbox 1035 1849 1145 1939; x_wconf 77' lang='grc' dir='ltr'><strong><em>χώρας</em></strong></span> <span class='ocrx_word' id='word_1_126' title='bbox 1159 1851 1278 1918; x_wconf 77' lang='grc' dir='ltr'><strong><em>στάδια</em></strong></span> <span class='ocrx_word' id='word_1_127' title='bbox 1292 1855 1382 1936; x_wconf 85' lang='grc' dir='ltr'><strong><em>χίλια</em></strong></span> 
     </span>
     <span class='ocr_line' id='line_1_16' title="bbox 236 1955 1382 2045; baseline -0.003 -19"><span class='ocrx_word' id='word_1_128' title='bbox 236 1961 293 2027; x_wconf 80' lang='grc' dir='ltr'><strong><em>καὶ</em></strong></span> <span class='ocrx_word' id='word_1_129' title='bbox 324 1957 442 2029; x_wconf 81' lang='grc' dir='ltr'><strong><em>ἑκατὸν</em></strong></span> <span class='ocrx_word' id='word_1_130' title='bbox 469 1957 723 2044; x_wconf 86' lang='grc' dir='ltr'><strong><em>τετταράκοντα·</em></strong></span> <span class='ocrx_word' id='word_1_131' title='bbox 756 1955 814 2024; x_wconf 77' lang='grc' dir='ltr'><strong><em>ἀπ’</em></strong></span> <span class='ocrx_word' id='word_1_132' title='bbox 843 1955 989 2036; x_wconf 83' lang='grc' dir='ltr'><strong><em>Ἰαπίὰος</em></strong></span> <span class='ocrx_word' id='word_1_133' title='bbox 1016 1957 1125 2045; x_wconf 82' lang='grc' dir='ltr'><strong><em>χώρας</em></strong></span> <span class='ocrx_word' id='word_1_134' title='bbox 1153 1958 1206 2024; x_wconf 81' lang='grc' dir='ltr'><strong><em>έπὶ</em></strong></span> <span class='ocrx_word' id='word_1_135' title='bbox 1229 1955 1382 2024; x_wconf 84' lang='grc' dir='ltr'><strong><em>Σούνιον</em></strong></span> 
     </span>
     <span class='ocr_line' id='line_1_17' title="bbox 238 2062 1383 2153; baseline -0.003 -19"><span class='ocrx_word' id='word_1_136' title='bbox 238 2065 358 2134; x_wconf 78' lang='grc' dir='ltr'><strong><em>στάδια</em></strong></span> <span class='ocrx_word' id='word_1_137' title='bbox 389 2064 584 2152; x_wconf 88' lang='grc' dir='ltr'><strong><em>τετρακόσια</em></strong></span> <span class='ocrx_word' id='word_1_138' title='bbox 616 2063 869 2153; x_wconf 59' lang='grc' dir='ltr'><strong><em>ένενῆκονταῧ),</em></strong></span> <span class='ocrx_word' id='word_1_139' title='bbox 901 2062 966 2141; x_wconf 86' lang='grc' dir='ltr'><strong><em>άπὸ</em></strong></span> <span class='ocrx_word' id='word_1_140' title='bbox 1000 2069 1155 2131; x_wconf 89' lang='grc' dir='ltr'><strong><em>Σουνίου</em></strong></span> <span class='ocrx_word' id='word_1_141' title='bbox 1187 2065 1282 2150; x_wconf 83' lang='grc' dir='ltr'><strong><em>μέχρι</em></strong></span> <span class='ocrx_word' id='word_1_142' title='bbox 1313 2066 1383 2130; x_wconf 80' lang='grc' dir='ltr'><strong><em>τῶν</em></strong></span> 
     </span>
     <span class='ocr_line' id='line_1_18' title="bbox 240 2167 1382 2259; baseline -0.004 -19"><span class='ocrx_word' id='word_1_143' title='bbox 240 2170 331 2259; x_wconf 83' lang='grc' dir='ltr'><strong><em>ὅρων</em></strong></span> <span class='ocrx_word' id='word_1_144' title='bbox 354 2175 424 2240; x_wconf 76' lang='grc' dir='ltr'><strong><em>τῶν</em></strong></span> <span class='ocrx_word' id='word_1_145' title='bbox 443 2175 616 2238; x_wconf 90' lang='grc' dir='ltr'><strong><em>Βοιωτίων</em></strong></span> <span class='ocrx_word' id='word_1_146' title='bbox 636 2169 756 2238; x_wconf 81' lang='grc' dir='ltr'><strong><em>στάδια</em></strong></span> <span class='ocrx_word' id='word_1_147' title='bbox 776 2169 930 2251; x_wconf 80' lang='grc' dir='ltr'><strong><em>ἑξακόσια</em></strong></span> <span class='ocrx_word' id='word_1_148' title='bbox 948 2169 1165 2256; x_wconf 81' lang='grc' dir='ltr'><strong><em>πεντήκοντα.</em></strong></span> <span class='ocrx_word' id='word_1_149' title='bbox 1212 2171 1263 2237; x_wconf 81' lang='lat'><strong><em>58.</em></strong></span> <span class='ocrx_word' id='word_1_150' title='bbox 1287 2167 1382 2236; x_wconf 82' lang='grc' dir='ltr'><strong><em>Κατὰ</em></strong></span> 
     </span>
     <span class='ocr_line' id='line_1_19' title="bbox 238 2275 1383 2366; baseline 0 -23"><span class='ocrx_word' id='word_1_151' title='bbox 238 2276 275 2344; x_wconf 72' lang='grc' dir='ltr'><strong><em>δέ</em></strong></span> <span class='ocrx_word' id='word_1_152' title='bbox 289 2275 351 2363; x_wconf 84' lang='grc' dir='ltr'><strong><em>τῆν</em></strong></span> <span class='ocrx_word' id='word_1_153' title='bbox 372 2275 522 2366; x_wconf 87' lang='grc' dir='ltr'><strong><em>Ἀττικῆν</em></strong></span> <span class='ocrx_word' id='word_1_154' title='bbox 541 2282 606 2345; x_wconf 90' lang='grc' dir='ltr'><strong><em>είσι</em></strong></span> <span class='ocrx_word' id='word_1_155' title='bbox 625 2281 724 2364; x_wconf 89' lang='grc' dir='ltr'><strong><em>νῆσοι</em></strong></span> <span class='ocrx_word' id='word_1_156' title='bbox 743 2281 781 2344; x_wconf 89' lang='grc' dir='ltr'><strong><em>αί</em></strong></span> <span class='ocrx_word' id='word_1_157' title='bbox 792 2276 967 2356; x_wconf 78' lang='grc' dir='ltr'><strong><em>Κυκλάὰες</em></strong></span> <span class='ocrx_word' id='word_1_158' title='bbox 980 2276 1183 2364; x_wconf 82' lang='grc' dir='ltr'><strong><em>καλούμεναι</em></strong></span> <span class='ocrx_word' id='word_1_159' title='bbox 1196 2277 1252 2344; x_wconf 84' lang='grc' dir='ltr'><strong><em>καλ</em></strong></span> <span class='ocrx_word' id='word_1_160' title='bbox 1270 2275 1383 2355; x_wconf 90' lang='grc' dir='ltr'><strong><em>πόλεις</em></strong></span> 
     </span>
     <span class='ocr_line' id='line_1_20' title="bbox 238 2375 1383 2473; baseline -0.001 -23"><span class='ocrx_word' id='word_1_161' title='bbox 238 2387 312 2450; x_wconf 82' lang='grc' dir='ltr'><strong><em>αίὰε</em></strong></span> <span class='ocrx_word' id='word_1_162' title='bbox 340 2386 378 2451; x_wconf 88' lang='grc' dir='ltr'><strong><em>έν</em></strong></span> <span class='ocrx_word' id='word_1_163' title='bbox 404 2397 477 2462; x_wconf 76' lang='grc' dir='ltr'><strong><em>ταῖς</em></strong></span> <span class='ocrx_word' id='word_1_164' title='bbox 504 2383 631 2469; x_wconf 80' lang='grc' dir='ltr'><strong><em>νήσοις.</em></strong></span> <span class='ocrx_word' id='word_1_165' title='bbox 676 2386 772 2463; x_wconf 90' lang='grc' dir='ltr'><strong><em>Κέως</em></strong></span> <span class='ocrx_word' id='word_1_166' title='bbox 796 2423 837 2432; x_wconf 90' lang='grc'>-</span> <span class='ocrx_word' id='word_1_167' title='bbox 866 2381 949 2473; x_wconf 77' lang='grc' dir='ltr'><strong><em>αὕτη</em></strong></span> <span class='ocrx_word' id='word_1_168' title='bbox 977 2375 1182 2472; x_wconf 86' lang='grc' dir='ltr'><strong><em>τετράπολις·</em></strong></span> <span class='ocrx_word' id='word_1_169' title='bbox 1211 2381 1383 2468; x_wconf 87' lang='grc' dir='ltr'><strong><em>Ποιῆεσσα</em></strong></span> 
     </span>
     <span class='ocr_line' id='line_1_21' title="bbox 239 2486 1383 2578; baseline -0.001 -21"><span class='ocrx_word' id='word_1_170' title='bbox 239 2488 366 2576; x_wconf 55' lang='grc' dir='ltr'><strong><em>πόλιςθ)</em></strong></span> <span class='ocrx_word' id='word_1_171' title='bbox 389 2489 445 2556; x_wconf 82' lang='grc' dir='ltr'><strong><em>καί</em></strong></span> <span class='ocrx_word' id='word_1_172' title='bbox 468 2487 581 2576; x_wconf 81' lang='grc' dir='ltr'><strong><em>λιμήν,</em></strong></span> <span class='ocrx_word' id='word_1_173' title='bbox 604 2494 790 2576; x_wconf 90' lang='grc' dir='ltr'><strong><em>Κορησσία,</em></strong></span> <span class='ocrx_word' id='word_1_174' title='bbox 815 2487 944 2576; x_wconf 86' lang='grc' dir='ltr'><strong><em>Ἰουλίς,</em></strong></span> <span class='ocrx_word' id='word_1_175' title='bbox 967 2489 1162 2578; x_wconf 53' lang='grc' dir='ltr'><strong><em>Καρθαίαῗ)</em></strong></span> <span class='ocrx_word' id='word_1_176' title='bbox 1180 2528 1230 2574; x_wconf 92' lang='grc'><strong><em>-,</em></strong></span> <span class='ocrx_word' id='word_1_177' title='bbox 1253 2486 1383 2575; x_wconf 81' lang='grc' dir='ltr'><strong><em>Ἑλένη,</em></strong></span> 
     </span>
     <span class='ocr_line' id='line_1_22' title="bbox 239 2593 1383 2683; baseline 0 -20"><span class='ocrx_word' id='word_1_178' title='bbox 239 2594 382 2675; x_wconf 91' lang='grc' dir='ltr'><strong><em>Κύθνος</em></strong></span> <span class='ocrx_word' id='word_1_179' title='bbox 398 2599 504 2682; x_wconf 87' lang='grc' dir='ltr'><strong><em>νῆσος</em></strong></span> <span class='ocrx_word' id='word_1_180' title='bbox 516 2595 572 2664; x_wconf 80' lang='grc' dir='ltr'><strong><em>καί</em></strong></span> <span class='ocrx_word' id='word_1_181' title='bbox 587 2594 693 2680; x_wconf 85' lang='grc' dir='ltr'><strong><em>πόλις,</em></strong></span> <span class='ocrx_word' id='word_1_182' title='bbox 717 2597 867 2683; x_wconf 82' lang='grc' dir='ltr'><strong><em>Σέριφος</em></strong></span> <span class='ocrx_word' id='word_1_183' title='bbox 880 2599 983 2681; x_wconf 87' lang='grc' dir='ltr'><strong><em>νῆσος</em></strong></span> <span class='ocrx_word' id='word_1_184' title='bbox 994 2596 1056 2662; x_wconf 78' lang='grc' dir='ltr'><strong><em>καὶ</em></strong></span> <span class='ocrx_word' id='word_1_185' title='bbox 1074 2593 1171 2674; x_wconf 89' lang='grc' dir='ltr'><strong><em>πόλις</em></strong></span> <span class='ocrx_word' id='word_1_186' title='bbox 1192 2595 1248 2662; x_wconf 83' lang='grc' dir='ltr'><strong><em>καί</em></strong></span> <span class='ocrx_word' id='word_1_187' title='bbox 1261 2595 1383 2682; x_wconf 82' lang='grc' dir='ltr'><strong><em>λιμήν,</em></strong></span> 
     </span>
     <span class='ocr_line' id='line_1_23' title="bbox 238 2693 1383 2790; baseline -0.001 -20"><span class='ocrx_word' id='word_1_188' title='bbox 238 2707 382 2789; x_wconf 86' lang='grc' dir='ltr'><strong><em>Σίφνος,</em></strong></span> <span class='ocrx_word' id='word_1_189' title='bbox 405 2701 532 2787; x_wconf 89' lang='grc' dir='ltr'><strong><em>Πάρος,</em></strong></span> <span class='ocrx_word' id='word_1_190' title='bbox 556 2703 692 2788; x_wconf 85' lang='grc' dir='ltr'><strong><em>λιμένας</em></strong></span> <span class='ocrx_word' id='word_1_191' title='bbox 715 2707 837 2787; x_wconf 80' lang='grc' dir='ltr'><strong><em>ἔχουσα</em></strong></span> <span class='ocrx_word' id='word_1_192' title='bbox 861 2702 935 2786; x_wconf 77' lang='grc' dir='ltr'><strong><em>δύο,</em></strong></span> <span class='ocrx_word' id='word_1_193' title='bbox 960 2693 1009 2770; x_wconf 69' lang='grc' dir='ltr'><strong><em>οἷν</em></strong></span> <span class='ocrx_word' id='word_1_194' title='bbox 1032 2699 1093 2770; x_wconf 90' lang='grc' dir='ltr'><strong><em>τὸν</em></strong></span> <span class='ocrx_word' id='word_1_195' title='bbox 1112 2703 1171 2770; x_wconf 77' lang='grc' dir='ltr'><strong><em>ἕνα</em></strong></span> <span class='ocrx_word' id='word_1_196' title='bbox 1189 2701 1383 2790; x_wconf 59' lang='grc' dir='ltr'><strong><em>κλειστόνῧ)</em></strong></span> 
     </span>
     <span class='ocr_line' id='line_1_24' title="bbox 238 2805 1385 2900; baseline 0 -24"><span class='ocrx_word' id='word_1_197' title='bbox 238 2808 362 2893; x_wconf 85' lang='grc' dir='ltr'><strong><em>Νάξος,</em></strong></span> <span class='ocrx_word' id='word_1_198' title='bbox 386 2812 510 2894; x_wconf 81' lang='grc' dir='ltr'><strong><em>Δῆλος,</em></strong></span> <span class='ocrx_word' id='word_1_199' title='bbox 528 2805 643 2894; x_wconf 82' lang='grc' dir='ltr'><strong><em>Ῥήνη,</em></strong></span> <span class='ocrx_word' id='word_1_200' title='bbox 666 2807 828 2896; x_wconf 76' lang='grc' dir='ltr'><strong><em>Σύρος9),</em></strong></span> <span class='ocrx_word' id='word_1_201' title='bbox 851 2808 1015 2900; x_wconf 88' lang='grc' dir='ltr'><strong><em>Μύκονος</em></strong></span> <span class='ocrx_word' id='word_1_202' title='bbox 1029 2849 1071 2858; x_wconf 88' lang='lat'><em>-</em></span> <span class='ocrx_word' id='word_1_203' title='bbox 1087 2807 1170 2894; x_wconf 80' lang='grc' dir='ltr'><strong><em>αὕτη</em></strong></span> <span class='ocrx_word' id='word_1_204' title='bbox 1186 2812 1317 2888; x_wconf 78' lang='grc' dir='ltr'><strong><em>ὃίπολις</em></strong></span> <span class='ocrx_word' id='word_1_205' title='bbox 1334 2847 1385 2894; x_wconf 91' lang='grc'><strong><em>-,</em></strong></span> 
     </span>
     <span class='ocr_line' id='line_1_25' title="bbox 243 2907 1385 3002; baseline 0.002 -22"><span class='ocrx_word' id='word_1_206' title='bbox 243 2918 352 3000; x_wconf 88' lang='grc' dir='ltr'><strong><em>Τῆνος</em></strong></span> <span class='ocrx_word' id='word_1_207' title='bbox 364 2913 422 2981; x_wconf 83' lang='grc' dir='ltr'><strong><em>καί</em></strong></span> <span class='ocrx_word' id='word_1_208' title='bbox 445 2912 558 3000; x_wconf 83' lang='grc' dir='ltr'><strong><em>λιμήν,</em></strong></span> <span class='ocrx_word' id='word_1_209' title='bbox 572 2912 718 3002; x_wconf 75' lang='grc' dir='ltr'><strong><em>’Ἀνδρος</em></strong></span> <span class='ocrx_word' id='word_1_210' title='bbox 735 2914 791 2982; x_wconf 77' lang='grc' dir='ltr'><strong><em>καί</em></strong></span> <span class='ocrx_word' id='word_1_211' title='bbox 805 2913 916 3002; x_wconf 88' lang='grc' dir='ltr'><strong><em>λιμῆν.</em></strong></span> <span class='ocrx_word' id='word_1_212' title='bbox 953 2907 1061 2984; x_wconf 82' lang='grc' dir='ltr'><strong><em>Αὖται</em></strong></span> <span class='ocrx_word' id='word_1_213' title='bbox 1076 2915 1137 3002; x_wconf 67' lang='grc' dir='ltr'><strong><em>μέν</em></strong></span> <span class='ocrx_word' id='word_1_214' title='bbox 1157 2919 1194 2982; x_wconf 91' lang='grc' dir='ltr'><strong><em>αί</em></strong></span> <span class='ocrx_word' id='word_1_215' title='bbox 1211 2913 1385 2994; x_wconf 81' lang='grc' dir='ltr'><strong><em>Κυκλάὰες</em></strong></span> 
     </span>
     <span class='ocr_line' id='line_1_26' title="bbox 238 3017 1384 3112; baseline 0.001 -24"><span class='ocrx_word' id='word_1_216' title='bbox 238 3023 345 3106; x_wconf 88' lang='grc' dir='ltr'><strong><em>νῆσοι.</em></strong></span> <span class='ocrx_word' id='word_1_217' title='bbox 391 3017 471 3088; x_wconf 59' lang='lat' dir='ltr'><strong><em>‘Pub</em></strong></span> <span class='ocrx_word' id='word_1_218' title='bbox 504 3019 543 3088; x_wconf 77' lang='grc' dir='ltr'><strong><em>δὲ</em></strong></span> <span class='ocrx_word' id='word_1_219' title='bbox 572 3020 709 3100; x_wconf 87' lang='grc' dir='ltr'><strong><em>ταύταις</em></strong></span> <span class='ocrx_word' id='word_1_220' title='bbox 738 3023 847 3108; x_wconf 81' lang='grc' dir='ltr'><strong><em>ἕτεραι</em></strong></span> <span class='ocrx_word' id='word_1_221' title='bbox 876 3025 978 3108; x_wconf 87' lang='grc' dir='ltr'><strong><em>νῆσοι</em></strong></span> <span class='ocrx_word' id='word_1_222' title='bbox 1007 3025 1081 3090; x_wconf 79' lang='grc' dir='ltr'><strong><em>αἵδε</em></strong></span> <span class='ocrx_word' id='word_1_223' title='bbox 1111 3021 1194 3110; x_wconf 86' lang='grc' dir='ltr'><strong><em>πρὸς</em></strong></span> <span class='ocrx_word' id='word_1_224' title='bbox 1220 3021 1323 3090; x_wconf 90' lang='grc' dir='ltr'><strong><em>νότον</em></strong></span> <span class='ocrx_word' id='word_1_225' title='bbox 1331 3022 1384 3112; x_wconf 67' lang='grc'>10)·</span> 
     </span>
     <span class='ocr_line' id='line_1_27' title="bbox 228 3125 1385 3226; baseline 0.003 -33"><span class='ocrx_word' id='word_1_226' title='bbox 228 3125 298 3226; x_wconf 85' lang='grc' dir='ltr'><strong><em>Ἴος</em></strong></span> <span class='ocrx_word' id='word_1_227' title='bbox 320 3127 376 3194; x_wconf 83' lang='grc' dir='ltr'><strong><em>καὶ</em></strong></span> <span class='ocrx_word' id='word_1_228' title='bbox 399 3126 502 3214; x_wconf 87' lang='grc' dir='ltr'><strong><em>λιμῆν</em></strong></span> <span class='ocrx_word' id='word_1_229' title='bbox 525 3165 567 3174; x_wconf 96' lang='lat'><strong><em>-—</em></strong></span> <span class='ocrx_word' id='word_1_230' title='bbox 592 3129 630 3194; x_wconf 89' lang='grc' dir='ltr'><strong><em>έν</em></strong></span> <span class='ocrx_word' id='word_1_231' title='bbox 657 3127 761 3216; x_wconf 89' lang='grc' dir='ltr'><strong><em>ταύτη</em></strong></span> <span class='ocrx_word' id='word_1_232' title='bbox 785 3125 931 3216; x_wconf 80' lang='grc' dir='ltr'><strong><em>Ὅμηρος</em></strong></span> <span class='ocrx_word' id='word_1_233' title='bbox 957 3130 1119 3197; x_wconf 91' lang='grc' dir='ltr'><strong><em>τέθαπται</em></strong></span> <span class='ocrx_word' id='word_1_234' title='bbox 1146 3167 1196 3213; x_wconf 84' lang='grc'><strong><em>-,</em></strong></span> <span class='ocrx_word' id='word_1_235' title='bbox 1217 3127 1385 3216; x_wconf 81' lang='grc' dir='ltr'><strong><em>’Ἁμοργος</em></strong></span> 
     </span>
     <span class='ocr_line' id='line_1_28' title="bbox 244 3229 1385 3322; baseline 0.003 -24"><span class='ocrx_word' id='word_1_236' title='bbox 244 3270 280 3280; x_wconf 94' lang='grc'><strong>-</strong></span> <span class='ocrx_word' id='word_1_237' title='bbox 293 3229 377 3318; x_wconf 74' lang='grc' dir='ltr'><strong><em>αὕτη</em></strong></span> <span class='ocrx_word' id='word_1_238' title='bbox 390 3237 539 3318; x_wconf 89' lang='grc' dir='ltr'><strong><em>τρίπολις</em></strong></span> <span class='ocrx_word' id='word_1_239' title='bbox 553 3232 608 3308; x_wconf 79' lang='grc' dir='ltr'><strong><em>καὶ</em></strong></span> <span class='ocrx_word' id='word_1_240' title='bbox 620 3234 721 3320; x_wconf 82' lang='grc' dir='ltr'><strong><em>λιμήν</em></strong></span> <span class='ocrx_word' id='word_1_241' title='bbox 732 3273 790 3319; x_wconf 92' lang='grc'><strong><em>-,</em></strong></span> <span class='ocrx_word' id='word_1_242' title='bbox 807 3232 988 3322; x_wconf 84' lang='grc' dir='ltr'><strong><em>Ἴκαρος-</em></strong></span> <span class='ocrx_word' id='word_1_243' title='bbox 1002 3232 1086 3322; x_wconf 80' lang='grc' dir='ltr'><strong><em>αὕτη</em></strong></span> <span class='ocrx_word' id='word_1_244' title='bbox 1106 3237 1243 3313; x_wconf 83' lang='grc' dir='ltr'><strong><em>ὰίπολις.</em></strong></span> <span class='ocrx_word' id='word_1_245' title='bbox 1288 3234 1385 3304; x_wconf 90' lang='grc' dir='ltr'><strong><em>Μετὰ</em></strong></span> 
     </span>
     <span class='ocr_line' id='line_1_29' title="bbox 241 3333 1385 3430; baseline 0.005 -28"><span class='ocrx_word' id='word_1_246' title='bbox 241 3333 273 3402; x_wconf 77' lang='grc' dir='ltr'><strong><em>δ’</em></strong></span> <span class='ocrx_word' id='word_1_247' title='bbox 302 3336 452 3426; x_wconf 75' lang='grc' dir='ltr'><strong><em>’Ἄνδρον</em></strong></span> <span class='ocrx_word' id='word_1_248' title='bbox 476 3335 607 3425; x_wconf 72' lang='grc' dir='ltr'><strong><em>Εὔβοια</em></strong></span> <span class='ocrx_word' id='word_1_249' title='bbox 629 3342 786 3425; x_wconf 81' lang='grc' dir='ltr'><strong><em>νῆσος-</em></strong></span> <span class='ocrx_word' id='word_1_250' title='bbox 804 3338 887 3426; x_wconf 78' lang='grc' dir='ltr'><strong><em>αὕτη</em></strong></span> <span class='ocrx_word' id='word_1_251' title='bbox 910 3340 1116 3430; x_wconf 86' lang='grc' dir='ltr'><strong><em>τετράκυλις·</em></strong></span> <span class='ocrx_word' id='word_1_252' title='bbox 1134 3381 1177 3391; x_wconf 91' lang='lat'><strong><em>—-</em></strong></span> <span class='ocrx_word' id='word_1_253' title='bbox 1201 3340 1267 3408; x_wconf 79' lang='grc' dir='ltr'><strong><em>είσλ</em></strong></span> <span class='ocrx_word' id='word_1_254' title='bbox 1290 3339 1321 3408; x_wconf 75' lang='grc' dir='ltr'><strong><em>δ’</em></strong></span> <span class='ocrx_word' id='word_1_255' title='bbox 1347 3344 1385 3408; x_wconf 86' lang='grc' dir='ltr'><strong><em>έν</em></strong></span> 
     </span>
     <span class='ocr_line' id='line_1_30' title="bbox 241 3441 1386 3535; baseline 0.002 -23"><span class='ocrx_word' id='word_1_256' title='bbox 241 3441 324 3533; x_wconf 82' lang='grc' dir='ltr'><strong><em>αὐτῆ</em></strong></span> <span class='ocrx_word' id='word_1_257' title='bbox 339 3443 527 3532; x_wconf 89' lang='grc' dir='ltr'><strong><em>Κάρυστος,</em></strong></span> <span class='ocrx_word' id='word_1_258' title='bbox 543 3442 692 3533; x_wconf 84' lang='grc' dir='ltr'><strong><em>Ἐρέτρια</em></strong></span> <span class='ocrx_word' id='word_1_259' title='bbox 705 3447 760 3514; x_wconf 82' lang='grc' dir='ltr'><strong><em>καί</em></strong></span> <span class='ocrx_word' id='word_1_260' title='bbox 775 3445 887 3533; x_wconf 82' lang='grc' dir='ltr'><strong><em>λιμήν,</em></strong></span> <span class='ocrx_word' id='word_1_261' title='bbox 901 3449 1026 3529; x_wconf 81' lang='grc' dir='ltr'><strong><em>Χαλκὶς</em></strong></span> <span class='ocrx_word' id='word_1_262' title='bbox 1038 3448 1093 3516; x_wconf 82' lang='grc' dir='ltr'><strong><em>καί</em></strong></span> <span class='ocrx_word' id='word_1_263' title='bbox 1107 3447 1219 3535; x_wconf 83' lang='grc' dir='ltr'><strong><em>λιμήν,</em></strong></span> <span class='ocrx_word' id='word_1_264' title='bbox 1237 3445 1386 3516; x_wconf 83' lang='grc' dir='ltr'><strong><em>Ἑστίαια</em></strong></span> 
     </span>
     <span class='ocr_line' id='line_1_31' title="bbox 237 3548 1472 3643; baseline 0.008 -27"><span class='ocrx_word' id='word_1_265' title='bbox 237 3551 292 3616; x_wconf 84' lang='grc' dir='ltr'><strong><em>καὶ</em></strong></span> <span class='ocrx_word' id='word_1_266' title='bbox 320 3550 431 3638; x_wconf 82' lang='grc' dir='ltr'><strong><em>λιμήν.</em></strong></span> <span class='ocrx_word' id='word_1_267' title='bbox 476 3549 523 3618; x_wconf 90' lang='grc' dir='ltr'>Ἡ</span> <span class='ocrx_word' id='word_1_268' title='bbox 547 3548 582 3618; x_wconf 80' lang='grc' dir='ltr'><strong><em>δ’</em></strong></span> <span class='ocrx_word' id='word_1_269' title='bbox 612 3550 743 3637; x_wconf 80' lang='grc' dir='ltr'><strong><em>Εὔβοια</em></strong></span> <span class='ocrx_word' id='word_1_270' title='bbox 771 3550 836 3620; x_wconf 87' lang='grc' dir='ltr'><strong><em>ὰπὸ</em></strong></span> <span class='ocrx_word' id='word_1_271' title='bbox 864 3558 1021 3640; x_wconf 92' lang='grc' dir='ltr'><strong><em>Κηναίου</em></strong></span> <span class='ocrx_word' id='word_1_272' title='bbox 1055 3561 1059 3636; x_wconf 94' lang='grc' dir='ltr'>Ι</span> <span class='ocrx_word' id='word_1_273' title='bbox 1094 3551 1178 3632; x_wconf 87' lang='grc' dir='ltr'><strong><em>Διὸς</em></strong></span> <span class='ocrx_word' id='word_1_274' title='bbox 1206 3557 1300 3643; x_wconf 81' lang='grc' dir='ltr'><strong><em>ίερού</em></strong></span> <span class='ocrx_word' id='word_1_275' title='bbox 1330 3555 1472 3628; x_wconf 74' lang='grc' dir='ltr'><strong><em>έπίν3Η.</em></strong></span> 
     </span>
     <span class='ocr_line' id='line_1_32' title="bbox 240 3655 1385 3748; baseline 0.005 -26"><span class='ocrx_word' id='word_1_276' title='bbox 240 3655 435 3745; x_wconf 89' lang='grc' dir='ltr'><strong><em>Γεραιστὸν,</em></strong></span> <span class='ocrx_word' id='word_1_277' title='bbox 449 3661 666 3737; x_wconf 74' lang='grc' dir='ltr'><strong><em>Ποσειδῶνος</em></strong></span> <span class='ocrx_word' id='word_1_278' title='bbox 685 3657 789 3748; x_wconf 77' lang='grc' dir='ltr'><strong><em>ἱερὸν,</em></strong></span> <span class='ocrx_word' id='word_1_279' title='bbox 809 3665 874 3746; x_wconf 80' lang='grc' dir='ltr'><strong><em>ἔχει</em></strong></span> <span class='ocrx_word' id='word_1_280' title='bbox 893 3663 1012 3730; x_wconf 84' lang='grc' dir='ltr'><strong><em>στάὰια</em></strong></span> <span class='ocrx_word' id='word_1_281' title='bbox 1027 3665 1120 3748; x_wconf 72' lang='grc' dir='ltr'><strong><em>,χίλια</em></strong></span> <span class='ocrx_word' id='word_1_282' title='bbox 1138 3661 1194 3727; x_wconf 82' lang='grc' dir='ltr'><strong><em>καὶ</em></strong></span> <span class='ocrx_word' id='word_1_283' title='bbox 1211 3660 1385 3747; x_wconf 89' lang='grc' dir='ltr'><strong><em>τριακόσια</em></strong></span> 
     </span>
     <span class='ocr_line' id='line_1_33' title="bbox 239 3762 1385 3854; baseline 0.007 -26"><span class='ocrx_word' id='word_1_284' title='bbox 239 3763 454 3851; x_wconf 83' lang='grc' dir='ltr'><strong><em>πεντήκοντα.</em></strong></span> <span class='ocrx_word' id='word_1_285' title='bbox 504 3762 548 3832; x_wconf 87' lang='grc' dir='ltr'><strong><em>Τὸ</em></strong></span> <span class='ocrx_word' id='word_1_286' title='bbox 581 3763 618 3832; x_wconf 75' lang='grc' dir='ltr'><strong><em>δὲ</em></strong></span> <span class='ocrx_word' id='word_1_287' title='bbox 644 3764 767 3845; x_wconf 86' lang='grc' dir='ltr'><strong><em>πλάτος</em></strong></span> <span class='ocrx_word' id='word_1_288' title='bbox 794 3769 893 3854; x_wconf 88' lang='grc' dir='ltr'><strong><em>στενῆ</em></strong></span> <span class='ocrx_word' id='word_1_289' title='bbox 921 3770 1012 3836; x_wconf 78' lang='grc' dir='ltr'><strong><em>ἐστιν</em></strong></span> <span class='ocrx_word' id='word_1_290' title='bbox 1040 3765 1060 3854; x_wconf 84' lang='grc' dir='ltr'><strong><em>ῆ</em></strong></span> <span class='ocrx_word' id='word_1_291' title='bbox 1085 3765 1225 3853; x_wconf 78' lang='grc' dir='ltr'><strong><em>Εὔβοια.</em></strong></span> <span class='ocrx_word' id='word_1_292' title='bbox 1266 3765 1323 3835; x_wconf 79' lang='grc' dir='ltr'><strong><em>Ἐν</em></strong></span> <span class='ocrx_word' id='word_1_293' title='bbox 1347 3767 1385 3836; x_wconf 74' lang='grc' dir='ltr'><strong><em>δέ</em></strong></span> 
     </span>
    </p>
   </div>
   <div class='ocr_carea' id='block_1_3' title="bbox 239 3969 1385 4474">
    <p class='ocr_par' dir='ltr' id='par_1_3' title="bbox 239 3969 1385 4474">
     <span class='ocr_line' id='line_1_34' title="bbox 315 3969 1385 4048; baseline 0.004 -18"><span class='ocrx_word' id='word_1_294' title='bbox 315 3980 340 4046; x_wconf 91' lang='grc'><strong><em>1)</em></strong></span> <span class='ocrx_word' id='word_1_295' title='bbox 360 3969 513 4048; x_wconf 81' lang='grc' dir='ltr'><strong><em>μεγαρέων.</em></strong></span> <span class='ocrx_word' id='word_1_296' title='bbox 534 4009 565 4016; x_wconf 94' lang='grc'><strong>-</strong></span> <span class='ocrx_word' id='word_1_297' title='bbox 586 3981 615 4033; x_wconf 71' lang='lat' dir='ltr'><strong><em>et</em></strong></span> <span class='ocrx_word' id='word_1_298' title='bbox 638 3995 703 4034; x_wconf 90' lang='lat' dir='ltr'><strong><em>mox</em></strong></span> <span class='ocrx_word' id='word_1_299' title='bbox 726 3981 831 4048; x_wconf 84' lang='grc' dir='ltr'><strong><em>μεγαία</em></strong></span> <span class='ocrx_word' id='word_1_300' title='bbox 853 3995 904 4048; x_wconf 86' lang='lat' dir='ltr'><strong><em>pro</em></strong></span> <span class='ocrx_word' id='word_1_301' title='bbox 924 3981 1044 4034; x_wconf 83' lang='grc' dir='ltr'><strong><em>Νίσαια.</em></strong></span> <span class='ocrx_word' id='word_1_302' title='bbox 1065 4009 1097 4018; x_wconf 95' lang='grc'>-</span> <span class='ocrx_word' id='word_1_303' title='bbox 1118 3981 1145 4047; x_wconf 76' lang='grc'><strong><em>2)</em></strong></span> <span class='ocrx_word' id='word_1_304' title='bbox 1164 3975 1267 4042; x_wconf 78' lang='grc' dir='ltr'><strong><em>άπιὰος</em></strong></span> <span class='ocrx_word' id='word_1_305' title='bbox 1290 3979 1336 4034; x_wconf 75' lang='lat' dir='ltr'><strong><em>hie</em></strong></span> <span class='ocrx_word' id='word_1_306' title='bbox 1355 3981 1385 4034; x_wconf 72' lang='grc' dir='ltr'><strong><em>θλ</em></strong></span> 
     </span>
     <span class='ocr_line' id='line_1_35' title="bbox 243 4063 1384 4138; baseline 0.001 -19"><span class='ocrx_word' id='word_1_307' title='bbox 243 4069 258 4130; x_wconf 69' lang='grc' dir='ltr'>ξ</span> <span class='ocrx_word' id='word_1_308' title='bbox 278 4070 321 4134; x_wconf 73' lang='grc'><strong><em>57,</em></strong></span> <span class='ocrx_word' id='word_1_309' title='bbox 340 4082 392 4121; x_wconf 86' lang='lat' dir='ltr'><strong><em>em.</em></strong></span> <span class='ocrx_word' id='word_1_310' title='bbox 412 4066 520 4121; x_wconf 78' lang='lat' dir='ltr'>Berkel.</span> <span class='ocrx_word' id='word_1_311' title='bbox 541 4097 573 4107; x_wconf 88' lang='lat'><em>—</em></span> <span class='ocrx_word' id='word_1_312' title='bbox 594 4068 621 4136; x_wconf 82' lang='grc'><strong><em>3)</em></strong></span> <span class='ocrx_word' id='word_1_313' title='bbox 640 4069 705 4138; x_wconf 72' lang='lat' dir='ltr'><strong>post</strong></span> <span class='ocrx_word' id='word_1_314' title='bbox 723 4073 814 4135; x_wconf 81' lang='grc' dir='ltr'><strong><em>τεῖχος</em></strong></span> <span class='ocrx_word' id='word_1_315' title='bbox 833 4067 893 4120; x_wconf 78' lang='lat' dir='ltr'><strong>eod.</strong></span> <span class='ocrx_word' id='word_1_316' title='bbox 912 4067 1011 4122; x_wconf 67' lang='lat' dir='ltr'>habet:</span> <span class='ocrx_word' id='word_1_317' title='bbox 1030 4066 1079 4120; x_wconf 84' lang='grc' dir='ltr'><strong><em>καὶ</em></strong></span> <span class='ocrx_word' id='word_1_318' title='bbox 1097 4067 1181 4135; x_wconf 88' lang='grc' dir='ltr'><strong><em>νῆσος</em></strong></span> <span class='ocrx_word' id='word_1_319' title='bbox 1200 4063 1334 4137; x_wconf 88' lang='grc' dir='ltr'><strong><em>Σάλαμις.</em></strong></span> <span class='ocrx_word' id='word_1_320' title='bbox 1352 4099 1384 4106; x_wconf 95' lang='grc'><strong>-</strong></span> 
     </span>
     <span class='ocr_line' id='line_1_36' title="bbox 239 4148 1384 4228; baseline 0.003 -21"><span class='ocrx_word' id='word_1_321' title='bbox 239 4157 267 4223; x_wconf 91' lang='grc'><strong><em>4)</em></strong></span> <span class='ocrx_word' id='word_1_322' title='bbox 286 4148 399 4224; x_wconf 86' lang='grc' dir='ltr'><strong><em>είρικός,</em></strong></span> <span class='ocrx_word' id='word_1_323' title='bbox 414 4171 468 4208; x_wconf 86' lang='lat' dir='ltr'><strong><em>em.</em></strong></span> <span class='ocrx_word' id='word_1_324' title='bbox 483 4154 724 4228; x_wconf 48' lang='lat' dir='ltr'><strong>EmmMillen-</strong></span> <span class='ocrx_word' id='word_1_325' title='bbox 743 4157 770 4222; x_wconf 78' lang='grc'><strong><em>6)</em></strong></span> <span class='ocrx_word' id='word_1_326' title='bbox 790 4151 819 4220; x_wconf 81' lang='grc' dir='ltr'><strong><em>ξ’</em></strong></span> <span class='ocrx_word' id='word_1_327' title='bbox 837 4172 889 4224; x_wconf 85' lang='lat' dir='ltr'><strong><em>pro</em></strong></span> <span class='ocrx_word' id='word_1_328' title='bbox 907 4150 966 4227; x_wconf 72' lang='grc' dir='ltr'><strong><em>κη’,</em></strong></span> <span class='ocrx_word' id='word_1_329' title='bbox 986 4171 1038 4209; x_wconf 86' lang='lat' dir='ltr'><strong><em>em.</em></strong></span> <span class='ocrx_word' id='word_1_330' title='bbox 1055 4155 1083 4210; x_wconf 82' lang='lat' dir='ltr'><strong><em>C.</em></strong></span> <span class='ocrx_word' id='word_1_331' title='bbox 1095 4155 1189 4210; x_wconf 84' lang='lat' dir='ltr'>Muell.</span> <span class='ocrx_word' id='word_1_332' title='bbox 1202 4187 1235 4195; x_wconf 90' lang='lat'>-</span> <span class='ocrx_word' id='word_1_333' title='bbox 1255 4158 1281 4224; x_wconf 82' lang='lat'><strong><em>6)</em></strong></span> <span class='ocrx_word' id='word_1_334' title='bbox 1300 4151 1384 4224; x_wconf 85' lang='grc' dir='ltr'><strong><em>Ποιῆ.</em></strong></span> 
     </span>
     <span class='ocr_line' id='line_1_37' title="bbox 241 4239 1383 4313; baseline 0.002 -19"><span class='ocrx_word' id='word_1_335' title='bbox 241 4245 300 4298; x_wconf 84' lang='grc' dir='ltr'><strong><em>πολ.</em></strong></span> <span class='ocrx_word' id='word_1_336' title='bbox 319 4243 434 4312; x_wconf 62' lang='lat' dir='ltr'>omittit,</span> <span class='ocrx_word' id='word_1_337' title='bbox 453 4243 532 4299; x_wconf 80' lang='lat' dir='ltr'>Voss.</span> <span class='ocrx_word' id='word_1_338' title='bbox 551 4241 668 4297; x_wconf 75' lang='lat' dir='ltr'><strong>addidit.</strong></span> <span class='ocrx_word' id='word_1_339' title='bbox 689 4273 721 4282; x_wconf 93' lang='lat'><strong><em>—-</em></strong></span> <span class='ocrx_word' id='word_1_340' title='bbox 742 4246 769 4312; x_wconf 74' lang='grc' dir='ltr'><strong><em>ἵ)</em></strong></span> <span class='ocrx_word' id='word_1_341' title='bbox 787 4239 863 4313; x_wconf 81' lang='grc' dir='ltr'><strong><em>αἷρα,</em></strong></span> <span class='ocrx_word' id='word_1_342' title='bbox 883 4261 935 4299; x_wconf 85' lang='lat' dir='ltr'><strong><em>em.</em></strong></span> <span class='ocrx_word' id='word_1_343' title='bbox 956 4245 1034 4300; x_wconf 81' lang='lat' dir='ltr'>Voss.</span> <span class='ocrx_word' id='word_1_344' title='bbox 1055 4245 1135 4313; x_wconf 87' lang='lat'>-·8)</span> <span class='ocrx_word' id='word_1_345' title='bbox 1154 4239 1306 4312; x_wconf 83' lang='grc' dir='ltr'><strong><em>κάθιστον,</em></strong></span> <span class='ocrx_word' id='word_1_346' title='bbox 1331 4261 1383 4298; x_wconf 83' lang='lat' dir='ltr'><strong><em>em.</em></strong></span> 
     </span>
     <span class='ocr_line' id='line_1_38' title="bbox 242 4327 1330 4402; baseline 0.004 -18"><span class='ocrx_word' id='word_1_347' title='bbox 242 4329 360 4390; x_wconf 80' lang='lat' dir='ltr'><strong>Gronov.</strong></span> <span class='ocrx_word' id='word_1_348' title='bbox 380 4363 413 4372; x_wconf 79' lang='lat'><strong><em>-—</em></strong></span> <span class='ocrx_word' id='word_1_349' title='bbox 433 4335 461 4401; x_wconf 83' lang='grc'><strong><em>9)</em></strong></span> <span class='ocrx_word' id='word_1_350' title='bbox 481 4333 591 4402; x_wconf 74' lang='grc' dir='ltr'><strong><em>σκάρος,</em></strong></span> <span class='ocrx_word' id='word_1_351' title='bbox 611 4347 664 4386; x_wconf 83' lang='lat' dir='ltr'><strong><em>em.</em></strong></span> <span class='ocrx_word' id='word_1_352' title='bbox 683 4330 817 4385; x_wconf 72' lang='lat' dir='ltr'><strong>Harduin.</strong></span> <span class='ocrx_word' id='word_1_353' title='bbox 838 4363 870 4372; x_wconf 95' lang='lat'>-</span> <span class='ocrx_word' id='word_1_354' title='bbox 892 4336 936 4402; x_wconf 92' lang='grc'><strong><em>10)</em></strong></span> <span class='ocrx_word' id='word_1_355' title='bbox 955 4329 1025 4401; x_wconf 79' lang='grc' dir='ltr'><strong><em>πρὸς</em></strong></span> <span class='ocrx_word' id='word_1_356' title='bbox 1043 4327 1159 4400; x_wconf 84' lang='grc' dir='ltr'><strong><em>πόντον,</em></strong></span> <span class='ocrx_word' id='word_1_357' title='bbox 1178 4349 1230 4388; x_wconf 84' lang='lat' dir='ltr'><strong><em>em.</em></strong></span> <span class='ocrx_word' id='word_1_358' title='bbox 1250 4333 1330 4388; x_wconf 78' lang='lat' dir='ltr'><strong>Voss.</strong></span> 
     </span>
     <span class='ocr_line' id='line_1_39' title="bbox 1136 4419 1172 4474; baseline 0 -21"><span class='ocrx_word' id='word_1_359' title='bbox 1136 4419 1172 4474; x_wconf 58' lang='grc' dir='ltr'><strong><em>η*</em></strong></span> 
     </span>
    </p>
   </div>
   <div class='ocr_carea' id='block_1_4' title="bbox 0 0 1647 5102">
    <p class='ocr_par' dir='ltr' id='par_1_4' title="bbox 0 0 1647 5102">
     <span class='ocr_line' id='line_1_40' title="bbox 0 0 1647 5102; baseline 0 0"><span class='ocrx_word' id='word_1_360' title='bbox 0 0 1647 5102; x_wconf 95' lang='lat' dir='ltr'><strong><em> </em></strong></span> 
     </span>
    </p>
   </div>
  </div>
 </body>
</html>
