3256 5102
708 258 901 322 ,8-

223 414 439 495 ’Λντιπόλεως
453 414 516 483 δύο
530 412 664 501 ἡμερῶν
679 415 734 482 καὶ
749 413 812 482 δύο
827 419 958 482 νυκτῶν
966 415 1001 503 1).
1030 413 1107 482 Ἀπὸ
1121 414 1158 482 δὲ
1168 413 1372 503 Ἡρακλείων

225 526 356 608 στηλῶν
389 524 484 609 μέχρι
517 519 735 600 ’Λντιπύλεως
770 519 792 608 ή
828 520 919 609 χῶρα
955 526 1045 590 πάσα
1077 521 1160 610 αῦτη
1194 521 1373 609 εὐλίμενος.

225 633 255 698 5.
288 627 365 697 Ἀπὸ
394 627 426 695 δ’
460 627 678 708 Ἀντιπόλεως
709 629 878 716 Τυρρηνοί
908 633 1011 708 ἔθνος
1037 631 1132 716 μέχρι
1163 627 1289 717 Ῥῶμης
1316 629 1374 698 πό-

224 745 316 816 λεως.
366 738 550 824 Τυρρηνῶν
581 735 619 804 δὲ
651 735 847 824 παράπλους
874 733 1008 824 ἡμερῶν
1036 736 1204 823 τεττάρων
1231 738 1287 804 καὶ
1314 765 1373 805 νυ-

216 847 313 926 ,κτῶν
336 843 526 930 τεττάρων.Ι
560 848 589 912 6.
612 841 708 912 Κατὰ
728 843 765 911 δὲ
784 845 976 931 Τυρρηνίαν
990 855 1094 910 κεῖται
1110 846 1213 929 νήσας
1229 843 1373 930 Κύρνος.

215 949 310 1018 ’Ἐστι
335 948 367 1017 δ’
392 949 458 1018 άπὸ
478 953 668 1039 Τυρρηνίας
691 948 708 1019 ὁ
729 955 834 1030 πλοῦς
856 955 904 1030 είς
918 949 1059 1037 Κύρνον
1082 945 1208 1038 ἡμέρας
1230 953 1285 1018 καὶ
1299 949 1374 1040 ἡμί-

223 1077 318 1136 σεως·
340 1057 396 1124 καὶ
418 1060 521 1143 νήσος
544 1058 581 1125 έν
604 1059 693 1148 μέσῳ
716 1061 762 1150 τῷ
785 1059 857 1150 πλῶ
871 1055 977 1146 τούτῳ
992 1059 1188 1144 οἰκουμένη,
1210 1049 1232 1146 ᾖ
1256 1057 1364 1145 ὄνομα

226 1167 392 1248 Λίδαλία,
405 1164 461 1230 καὶ
475 1161 573 1232 άλλαι
587 1165 707 1232 πολλαὶ
723 1169 840 1251 ἔρημοι
854 1168 962 1251 νῆσοι.
1005 1168 1034 1230 Ἰ.
1054 1161 1131 1232 ’Λπὸ
1149 1163 1186 1232 δὲ
1201 1163 1373 1254 Κύρνουῖ)

150 1289 206 1344 εΗ,
225 1267 335 1356 νήσου
358 1275 405 1350 είς
428 1267 554 1358 Σαρδῶ
581 1273 689 1356 νήσου
717 1273 821 1348 πλοῦς
851 1267 976 1358 ἡμέρας
998 1275 1110 1358 τρίτον
1143 1273 1257 1366 μέρος·
1287 1275 1291 1352 Ι
1319 1273 1375 1339 καὶ

225 1381 330 1464 νήσος
358 1375 462 1464 ἐρήμη
494 1379 530 1444 ἐν
561 1381 608 1467 τῷ
641 1374 771 1464 μεταξύ.
810 1372 887 1442 ’Λπὸ
915 1379 1074 1461 Σαρδοῦς
1104 1373 1136 1442 δ’
1167 1381 1214 1455 είς
1243 1377 1375 1464 Λιβύην

225 1485 330 1562 πλοῦς
353 1480 477 1570 ἡμέρας
499 1483 554 1550 καὶ
573 1481 709 1562 νυκτός·
733 1485 780 1560 είς
795 1479 831 1549 δὲ
847 1488 1006 1550 Σικελίαν
1020 1481 1086 1550 άπὸ
1101 1487 1259 1570 Σαρδοῦς
1272 1489 1376 1564 πλοῦς

226 1585 360 1676 ἡμερῶν
384 1587 447 1656 δύο
475 1590 530 1656 καὶ
553 1586 683 1667 νυκτός.
722 1585 893 1674 Ἐπάνειμι
909 1587 946 1655 δὲ
960 1587 1061 1656 πάλιν
1077 1590 1129 1656 ἐπὶ
1143 1587 1204 1674 τήν
1224 1587 1375 1676 ἤπειρον,

227 1693 312 1763 ὅθεν
340 1701 388 1774 είς
414 1692 476 1782 τήν
504 1693 644 1782 Κύρνον
678 1693 913 1781 ἐξετραπόμην.
960 1699 988 1762 8.
1023 1697 1211 1783 Τυρρηνίας
1244 1700 1375 1782 ἔχονται
1454 1691 1461 1704 ’

227 1808 369 1871 Λατῖνοι
393 1803 492 1889 μεχρὶ
514 1804 575 1869 τοῦ
590 1806 766 1888 Κιρκαίου.
802 1802 871 1868 Καὶ
893 1799 931 1868 τὸ
954 1805 1015 1869 τοῦ
1036 1799 1240 1890 Ἐλπήνορος
1262 1800 1376 1888 μνῆμά

227 1911 295 1978 ἐστι
320 1914 485 1976 Λατίνων.
531 1914 688 1976 Λατίνων
715 1907 910 1995 παράπλους
940 1905 1065 1995 ἡμέρας
1092 1909 1148 1975 καὶ
1171 1906 1301 1988 νυκτός.
1346 1913 1376 1976 9.

227 2020 384 2084 Λατίνων
400 2013 431 2082 δ’
449 2019 580 2102 ἔχονται
597 2012 715 2082 Ὀλσοί.
752 2012 878 2082 Ὁλσῶν
894 2013 931 2082 δὲ
945 2012 1140 2101 παράπλους
1153 2012 1277 2101 ἡμέρας
1290 2019 1376 2101 μιᾶς.

230 2127 279 2190 10.
309 2120 434 2191 Ὀλσῶν
458 2119 489 2188 δ’
520 2127 652 2208 ἔχονται
676 2121 857 2207 Καμπανοὶ
884 2126 943 2187 καί
967 2125 1032 2187 εἰσι
1055 2117 1167 2199 πόλεις
1184 2119 1377 2208 Ἑλληνίδες

227 2220 326 2296 αῦται
349 2230 386 2296 έν
408 2232 448 2314 τῇ
472 2234 668 2318 Καμπανίᾳ·
698 2226 815 2314 Κύμη,
843 2225 1021 2306 Νεάπολις.
1058 2225 1153 2295 Κατὰ
1175 2227 1278 2295 ταῦτά
1308 2229 1377 2296 ἐστι

228 2339 452 2421 Πιδηκοῦσσα
482 2339 586 2423 νῆσος
614 2336 671 2402 καί
700 2333 796 2413 πόλις
822 2330 983 2419 Ἑλληνίς.
1020 2332 1226 2420 Παράπλονς
1254 2334 1291 2402 δέ
1321 2338 1379 2422 τῆς

229 2447 431 2528 Καμπανίας
460 2442 550 2508 ἐστὶν
581 2438 706 2527 ἡμέρας
735 2444 821 2527 μιᾶς.
870 2445 919 2508 11.
952 2445 1149 2527 Καμπανῶν
1183 2439 1214 2507 δ’
1246 2445 1378 2528 ἔχονται
1489 2490 1491 2494 ·

228 2556 394 2616 Σαυνῖται
417 2548 472 2614 καλ
495 2546 689 2635 παράπλους
717 2547 784 2616 ἐστὶ
811 2550 991 2614 Σαυνιτῶν
1020 2547 1143 2634 ἡμέρας
1165 2546 1277 2634 ήμισν.
1327 2552 1376 2614 12.

230 2658 410 2722 Σαυνιτῶν
434 2652 465 2720 δ’
497 2659 628 2742 ἔχονται
652 2653 821 2722 Λευκανοὶ
849 2655 944 2740 μέχρι
968 2657 1123 2740 Θουρίας.
1158 2650 1194 2718 Ὁ
1215 2656 1320 2731 πλοῦς
1343 2651 1378 2718 δ’Ι

128 2757 134 2766 ’
229 2763 297 2830 ε’στλ
319 2759 408 2848 παρὰ
425 2767 614 2830 Λευκανίαν
637 2759 771 2848 ἡμερῶν
795 2761 859 2847 ἓξῧ)
881 2759 937 2826 καλ
952 2763 1082 2828 νυκτῶν
1098 2761 1140 2840 ἐξ.
1172 2756 1218 2826 Ἡ
1237 2757 1275 2826 δὲ
1289 2765 1374 2826 Λευ-

154 2889 209 2944 4Η.
229 2872 329 2938 κανία
352 2867 442 2936 έστλν
466 2864 556 2954 άκτή.
592 2865 648 2934 Ἐν
670 2866 773 2954 ταύτῃ
805 2866 918 2944 πόλεις
940 2866 1026 2934 εἰσὶν
1045 2862 1237 2952 Ἑλληνίδες
1260 2868 1347 2932 αἵδε·
1372 2865 1376 2954 λ

230 2975 491 3064 Ποσειδωνία4),
521 2972 631 3059 Ἐλέα,
665 2973 787 3060 Λὰοςὸ)
823 2977 978 3059 Θουρίων
1005 2971 1156 3058 ἀποικία,
1189 2976 1403 3056 Πανδοσία,’

230 3079 489 3172 Κλαμπέτειαῧ),
516 3084 652 3169 Τέρινα,
669 3077 867 3164 Ἶππῶνιον,
890 3079 1063 3168 Μέδμαῖ),
1077 3077 1213 3166 Ῥήγιον
1232 3077 1378 3166 άκρωτή-

230 3217 306 3278 ριον
329 3191 385 3258 καὶ
408 3186 512 3268 πόλις.
560 3191 610 3254 13.
632 3183 728 3253 Κατὰ
752 3185 789 3252 δὲ
808 3182 944 3271 Ῥήγιόν
960 3188 1029 3254 έστι
1044 3189 1182 3254 Σικελία
1195 3189 1299 3272 νῆσος
1312 3183 1377 3254 άπὸ

230 3301 288 3384 τής
311 3294 476 3384 Εῦρῶπης
493 3293 662 3381 ἀπέχουσα
676 3291 796 3361 στάδια
811 3291 957 3377 δῶδεκα,
981 3297 1028 3372 εἰς
1041 3291 1284 3378 Πελωριάδαθ).
1324 3289 1379 3358 Ἑν

232 3407 269 3470 δὲ
296 3407 434 3496 Σικελίηι
463 3407 547 3487 ἔθνη
579 3399 733 3488 βάρβαρα
760 3399 840 3468 τάδε
871 3401 975 3467 ἐστίν·
1002 3397 1194 3485 Ἔλυμοι9),
1226 3403 1380 3483 Σικανοί,

231 3515 383 3594 Σικελοί,
409 3513 580 3592 Φοίνικες,
608 3510 725 3594 Τρῶες.
767 3496 870 3574 Οῦτοι
893 3503 954 3591 μὲν
977 3503 1159 3592 βάρβαροι,
1188 3508 1318 3572 οἰκοῦσι
1342 3503 1379 3571 δὲ

231 3617 286 3684 καλ
301 3613 469 3701 Ἕλληνες.
508 3612 730 3702 ’Λκρωτήριον
750 3611 787 3680 δὲ
806 3616 962 3690 Σικελίας
981 3610 1163 3696 Πελωριάς.
1199 3609 1322 3690 Πόλεις
1345 3608 1377 3677 δ’

232 3723 318 3792 είσὶν
333 3718 397 3789 ὰπὸ
413 3719 631 3808 Πελωριάδος
649 3717 840 3812 Ἑλληνίδες
854 3722 940 3786 αἵδε·
965 3717 1128 3805 Μεσσήνη
1137 3719 1174 3806 ¹⁰)
1193 3717 1249 3784 καλ
1268 3716 1379 3803 λιμήν,

304 3923 330 3988 1)
349 3914 447 3974 άντίου
465 3913 577 3988 ἡμερῶν
596 3913 626 3972 δ’
645 3914 695 3971 καὶ
712 3915 823 3970 νυκτῶν
842 3910 888 3983 δ’,
911 3915 940 3970 C.
960 3913 1056 3967 Muell.
1077 3911 1185 3966 emend.
1200 3942 1235 3952 -·
1249 3913 1276 3982 2)
1291 3907 1380 3980 κόρου

233 4011 262 4064 ελ
279 4025 344 4064 mox
362 4007 464 4078 οαρδῶ.
485 4037 516 4048 -
538 4008 565 4076 3)
584 4003 613 4076 μ’
633 4011 683 4075 pro
703 4019 720 4063 ς
738 4004 782 4059 bis
799 4003 901 4056 maluit
920 4001 948 4056 C.
964 4000 1123 4055 Muellerus.
1143 4032 1176 4040 —
1195 4003 1223 4070 4)
1242 3995 1377 4054 ποσειδῶ·

233 4100 286 4167 λἀι,
306 4114 359 4153 em.
378 4096 487 4152 Cluver.
507 4127 539 4134 —
561 4096 588 4164 5)
608 4093 657 4148 καλ
677 4089 746 4148 έλαὰ
764 4093 892 4159 θουρίων
911 4084 973 4156 άπ,
998 4090 1106 4148 emend.
1122 4089 1151 4144 G.
1166 4089 1324 4144 Muellerus.
1345 4118 1378 4126 -

234 4189 260 4258 6)
279 4189 438 4255 πλαταιεῐς,
458 4185 566 4240 emend.
582 4183 610 4239 G.
625 4183 719 4237 Muell.
737 4213 769 4220 -
785 4183 812 4249 7)
826 4177 912 4249 μέσα,
931 4196 984 4236 em.
1000 4179 1114 4234 Sfiehle.
1129 4209 1162 4218 -
1177 4181 1204 4246 8)
1218 4169 1380 4244 πελωριάδα
1396 4223 1400 4232 .

233 4271 290 4330 άπὸ
318 4273 430 4347 ρηηίου,
454 4274 561 4330 emend.
587 4271 729 4328 O.Mue11.
749 4299 783 4310 —
803 4263 959 4338 9)έδυνοί,
983 4285 1036 4323 em.
1056 4268 1134 4322 Voss.
1155 4297 1185 4304 -
1208 4265 1251 4332 10)
1271 4265 1378 4334 μεσίνη.
