3256 5102
728 305 943 370 ..33-

261 461 364 552 ταύτῃ
395 463 485 532 ἐστὶν
494 463 519 551 ¹)
545 466 607 531 τοῦ
633 466 820 532 καλλίστου
839 466 926 530 πλοῦ
954 459 1147 548 παράπλους
1160 458 1303 552 ,ἡμερῶν
1327 464 1407 534 ἑπτὰ

261 569 317 636 καὶ
340 573 473 638 νυκτῶν
501 569 592 638 ἑπτά.
636 569 715 638 Εἰσὶ
742 570 873 659 νῆσοιῖ)
896 560 995 638 αῦται
1021 567 1105 656 πρὸς
1129 573 1169 658 τῇ
1192 568 1340 662 Εύρῶπῃ
1367 614 1404 624 -

261 675 391 744 τούτων
410 673 431 764 ἡ
456 677 550 765 ἑτέρα
562 675 664 744 πόλιν
679 681 744 763 ἔχει
757 716 808 762 -,
821 677 877 744 καὶ
896 673 1085 764 Ἡράκλειοι
1103 681 1220 772 στῆλαι
1232 679 1315 750 κατὰ
1328 680 1406 749 ταύ-

261 805 332 862 τας·
360 781 381 870 ἡ
409 783 471 870 μὲν
499 785 536 851 ἐν
562 788 602 872 τῇ
632 783 743 872 Λιβύῃ
770 783 908 871 ταπεινὴ
936 781 957 871 ἡ
986 783 1017 850 δ’
1049 787 1086 853 ἐν
1115 783 1263 874 Εῦρῶπῃ
1284 784 1406 873 ὑψηλή.

261 881 370 957 Λῦται
398 888 429 957 δ’
460 891 547 958 εἰσὶν
574 890 674 980 άκραι
696 890 899 981 καταντικρὺ
921 890 1086 979 άλληλων,
1116 894 1266 980 διέχουσι
1291 891 1321 962 δ’
1348 893 1403 962 ἀπ’

260 993 448 1085 άλληλων3)
470 1001 579 1066 πλοῦν
601 995 735 1086 ἡμέρας.
780 997 986 1085 Παράπλους
1005 997 1134 1085 Λιβύης
1156 996 1212 1066 ἀπ’
1233 1000 1407 1086 Αἰγύπτου

259 1107 322 1170 τοῦ
344 1107 550 1172 Κανωπικοῦ
573 1103 736 1192 στόματος
763 1106 859 1192 μέχρι
876 1102 1082 1192 Ἡρακλείων
1105 1109 1248 1193 στηλῶν,
1275 1110 1406 1194 τιθεμέ-

260 1235 325 1278 νου
351 1213 412 1278 τοῦ
439 1215 602 1298 λογισμοῦ
630 1210 712 1279 κατὰ
740 1210 854 1298 ταύτὰ,
882 1209 966 1298 άπερ
994 1213 1031 1280 ἐν
1056 1208 1148 1302 ’Λσίᾳ
1174 1213 1230 1280 καλ
1257 1211 1406 1304 Μὰρῶπῃ

259 1318 456 1403 γέγραπται,
487 1317 570 1388 κατὰ
601 1317 681 1400 τοῦς
711 1319 858 1400 κόλπους
889 1318 998 1411 κύκλῳ
1028 1321 1240 1407 περιπλέοντι
1271 1319 1407 1408 ἡμερῶν

172 1433 250 1487 5211.
261 1424 491 1511 ἑβδομήκοντα
503 1425 704 1513 τεττάρων.Ἰ
725 1423 808 1494 Ὅσα
826 1429 1006 1514 γέγραπται
1019 1431 1206 1513 πολίσματα
1224 1422 1245 1512 ἢ
1265 1427 1407 1517 ἐμπόρια

259 1532 297 1598 ἐν
319 1535 360 1619 τῇ
384 1531 511 1621 Λιβύῃ,
539 1531 604 1602 άπὸ
627 1538 686 1620 τῆς
706 1533 876 1620 Σύρτιδος
902 1537 961 1619 τῆς
989 1529 1068 1618 παρ’
1094 1529 1290 1620 Ἑσπερίδας
1311 1536 1407 1622 μέχρι

254 1634 462 1724 Ἡρακλείων
499 1644 630 1726 στηλῶν
667 1643 704 1708 ἐν
741 1639 867 1729 Λιβύῃ,
903 1638 1012 1708 πάντα
1049 1641 1118 1708 ἐστὶ
1149 1643 1405 1726 Καρχηδονίωνζ

260 1747 311 1812 95.
335 1744 431 1814 Μετὰ
460 1747 497 1816 δὲ
519 1745 736 1835 Ἡρακλείους
759 1747 880 1834 στήλας
903 1751 950 1826 είς
971 1745 1009 1816 τὸ
1034 1749 1094 1828 ἔξω
1117 1747 1268 1831 πλέοντι,
1296 1752 1406 1834 ἔχοντι

257 1849 321 1937 τὴν
346 1852 480 1940 Λιβύην
504 1856 541 1922 έν
564 1851 737 1944 ἀριστερᾷ,
765 1853 888 1934 κόλπος
915 1854 984 1922 ἐστὶ
1007 1854 1108 1940 μέγας
1131 1854 1226 1940 μέχρι
1249 1851 1407 1942 Ἑρμαίοις

258 1956 370 2046 άκρας.
405 1958 502 2029 Ἔστι
520 1959 584 2046 γὰρ
601 1961 658 2028 καὶ
677 1963 826 2028 ἐνταῦθα
843 1958 983 2048 Ἑρμαία
1001 1958 1095 2046 άκρα.
1132 1958 1227 2028 Κατὰ
1246 1959 1284 2029 δὲ
1301 1963 1405 2048 μέσον

257 2063 319 2134 τόν
341 2064 468 2134 κόλπον
498 2081 603 2136 κεῖται
633 2064 790 2136 Ποντιῶν
817 2065 919 2146 τόπος
945 2067 1001 2134 καὶ
1023 2065 1128 2146 πόλις.
1173 2067 1260 2154 Περὶ
1283 2068 1321 2136 δὲ
1343 2065 1404 2154 τὴν

257 2171 361 2240 πόλιν
387 2177 489 2260 λίμνη
516 2187 620 2242 κεῖται
651 2173 792 2260 μεγάλη,
820 2175 857 2241 ἐν
886 2171 923 2239 δὲ
950 2177 990 2260 τῇ
1018 2177 1120 2259 λίμνῃ
1134 2171 1249 2261 ’ταύτῃ
1278 2188 1405 2244 κεῖνται

258 2282 358 2365 νῆσοι
389 2287 518 2349 πολλαί.
574 2282 660 2367 Περὶ
693 2280 731 2349 δὲ
761 2278 823 2366 τὴν
857 2285 981 2366 λίμνην
1012 2279 1139 2365 πέφυκε
1170 2278 1317 2366 κάλαμος
1348 2283 1404 2348 καί

259 2385 417 2474 κύπειρος
439 2388 494 2454 καλ
518 2390 627 2474 φλέως
645 2388 701 2456 καὶ
719 2385 840 2474 θροῦν.
882 2389 930 2454 Λί
951 2383 982 2453 δ’
1009 2383 1147 2473 ὄρνιθες
1165 2389 1202 2454 αί
1219 2393 1403 2473 Μελεαμρί-

259 2493 346 2582 ὃες4)
379 2493 527 2561 ἐνταῦθά
558 2499 660 2580 εἰσιν,
690 2493 796 2562 άλλου
826 2492 857 2560 δ’
891 2491 1059 2579 ούὰαμοῦ,
1091 2487 1134 2560 ἂν
1167 2491 1211 2579 μὴ
1244 2495 1404 2562 ἐντεῦθεν

258 2601 454 2686 ε’ξαχθῶσιν.
504 2603 550 2689 Τῃ
585 2599 621 2668 δὲ
653 2606 754 2690 λίμνῃ
786 2599 889 2688 ταύτῃ
923 2598 1031 2686 ῦνομα
1063 2598 1257 2686 Κηφησιάς,
1288 2605 1335 2692 τῶ
1366 2601 1404 2670 δὲ

257 2705 369 2797 κόλπῳ
384 2705 515 2794 Κῶτης·
540 2707 661 2776 ἔστιδὲ
679 2705 886 2795 Ἡρακλείων
901 2709 1032 2793 στηλῶν
1050 2706 1106 2772 καὶ
1123 2703 1282 2793 Ἑρμαίας
1300 2705 1404 2794 άκρας

257 2814 293 2882 έν
322 2815 367 2905 τῶ
397 2813 527 2899 μεταξύ.
569 2812 647 2882 ’Λπὸ
677 2813 714 2884 δὲ
741 2819 799 2900 τῆς
822 2812 980 2901 Ἑρμαίας
1001 2811 1105 2901 άκρας
1128 2815 1252 2900 ἕρματα
1274 2816 1403 2882 τέταται

256 2917 393 3007 μεγάλα,
416 2917 481 2988 άπὸ
495 2918 543 3006 ζὸὴ
558 2924 616 3006 τῆς
630 2920 759 3006 Λιβύης
772 2922 825 2989 ἐπὶ
843 2919 905 3006 τὴν
920 2915 1101 3005 Εῦρῶπην,
1125 2917 1185 3006 οὐχ
1199 2917 1403 3007 ὑπερέχοντα

255 3029 314 3111 τῆς
339 3024 516 3112 θαλάττης·
540 3025 702 3108 ἐπικλύζει
726 3023 757 3092 δ’
784 3021 834 3093 ἐπ’
860 3023 944 3092 αὐτὰ
967 3027 1091 3110 ἐνιαχῆ.
1141 3028 1276 3095 Τέταται
1301 3027 1339 3094 δὲ
1361 3026 1398 3096 τῦ

256 3134 338 3219 ἕρμα
367 3129 421 3218 ἐφ’
451 3133 567 3220 ἑτέραν
594 3131 702 3219 άκραν
729 3136 788 3218 τῆς
810 3128 974 3218 Εὐρώπης
1000 3129 1038 3200 τὸ
1062 3131 1276 3219 καταντικρύ·
1303 3132 1399 3222 τῇδ’

255 3238 341 3329 άκρμ
363 3239 466 3328 ταύτῃ
490 3237 599 3326 ὄνομα
617 3236 725 3326 Ἱερὸν
748 3237 966 3324 ἀκρωτήριον.
1008 3235 1086 3306 ’Λπὸ
1111 3238 1149 3306 δέ
1166 3241 1224 3326 τῆς
1242 3236 1401 3326 Ἑρμαίοις

254 3345 358 3434 άκρας
385 3344 533 3432 ποταμός
564 3347 655 3414 ἐστιν
684 3342 829 3431 Ἇνίὰης·
863 3345 967 3430 ἐξίησι
1001 3343 1037 3412 δέ
1070 3335 1167 3424 οὗτος
1200 3348 1247 3423 είς
1277 3350 1416 3432 λίμνηνΙ

254 3452 411 3539 μεγάλην.
465 3451 560 3521 Μετὰ
589 3450 620 3519 δ’
652 3449 822 3541 Ἀνίὰηνὸ)
851 3452 942 3520 ἐστὶν
969 3449 1069 3531 ἄλλος
1095 3447 1242 3538 ποταμός
1269 3453 1371 3538 μέγας
1395 3452 1399 3540 fl

166 3580 200 3627 53
210 3577 244 3629 H.
256 3561 358 3640 Λίξος
386 3560 443 3626 καί
469 3559 565 3639 πόλις
595 3565 766 3628 Φοινίκων
795 3561 910 3644 Λίξος,
937 3558 993 3626 καὶ
1022 3559 1116 3645 ἑτέρα
1142 3556 1239 3637 πόλις
1262 3556 1401 3644 Λιβύων

254 3667 323 3734 ἐστὶ
346 3667 452 3754 πέραν
474 3669 535 3733 τοῦ
559 3669 711 3752 ποταμοῦ
725 3666 781 3733 καὶ
800 3663 910 3752 λιμήν.
946 3662 1042 3733 Μετὰ
1062 3662 1100 3732 δὲ
1115 3665 1219 3746 Λίξον
1234 3663 1399 3754 Κράθιςθ)

326 3881 353 3947 1)
373 3875 448 3933 ἐστὶν
468 3874 519 3948 ἐφ’
538 3874 706 3948 ἡρακλείονς
724 3875 825 3947 στήλας
842 3879 893 3934 τοῦ
908 3899 944 3946 κ,
963 3877 1055 3932 delevi
1068 3879 1216 3948 glossema.
1232 3909 1265 3919 -—
1280 3881 1307 3947 2)
1328 3873 1399 3934 ἕπτα

253 3966 373 4037 μάδειρα
398 3966 469 4022 είσιν
492 3969 587 4038 νῆσοι,
610 3969 693 4038 gloss.
717 3968 795 4038 ejeci.
816 3999 849 4008 -
874 3972 901 4037 3)
919 3966 990 4036 διέχ.
1009 3965 1041 4020 δὲ
1061 3957 1148 4021 αὗται
1166 3963 1219 4022 ἀπ’
1240 3963 1298 4023 άλλ.
1318 3999 1352 4007 -
1371 3969 1398 4034 4)

253 4055 360 4126 κύπρος
379 4057 428 4111 καί
446 4054 559 4126 φλοιόν·
588 4057 636 4111 καὶ
655 4052 754 4126 ὀρύαν·
779 4055 812 4111 αί
834 4055 866 4112 δὲ
894 4051 1011 4124 ὄρνιθες
1038 4060 1242 4127 λιμελελιφίὸες
1269 4051 1397 4110 ίνταυθά

253 4165 333 4216 εισιν,
356 4142 441 4200 άλλον
464 4144 496 4201 δὲ
521 4139 650 4218 ούδαμοῦ
675 4149 705 4201 eb
726 4146 827 4201 deinde
847 4141 1008 4215 έξαχέοοοιν,
1027 4163 1080 4201 em.
1100 4147 1217 4202 Salmas.
1237 4175 1270 4184 -
1289 4147 1315 4210 5)
1336 4137 1397 4194 άνι-

251 4237 358 4290 ὃίευτα.
377 4265 411 4274 --
430 4237 458 4304 6)
476 4231 583 4306 κράβις,
601 4251 616 4289 ο
635 4235 750 4290 Mnaseas
767 4233 875 4289 Plinius
893 4234 966 4290 Hist.
981 4235 1046 4290 Nat.
1067 4235 1115 4290 lib.
1130 4239 1164 4289 38
1184 4240 1210 4300 ξ,
1221 4236 1255 4286 38
1275 4230 1392 4287 Crathin

252 4326 396 4380 memorat.
