3256 5102
698 289 893 352 ..9-

225 450 471 535 Ταυρομένιον,
502 447 629 532 Νάξος,
657 445 810 532 Κατάνη,
839 452 1016 512 Λεοντῖνοι
1032 484 1071 492 -
1093 448 1140 522 είς
1161 441 1239 522 τοὺς
1263 449 1365 511 Λεον·

224 561 337 634 τίνονς
352 553 389 621 δὲ
402 553 484 622 κατά
503 554 661 640 Τηρίανῑ)
679 550 829 638 ποταμὸν
844 549 1014 629 ἀνάπλους
1029 559 1133 617 είκοσι
1148 551 1297 641 σταδίων
1314 590 1366 635 -,
1400 602 1403 613 ,

223 661 403 750 Σύμαιθος
427 658 606 748 ποταμδςῖ)
630 659 685 726 καὶ
707 657 803 738 πόλις
817 659 969 747 Μεγαρὶς
987 659 1042 724 καὶ
1057 655 1157 744 λιμὴν
1172 656 1379 742 mutos.-

219 766 378 855 Ἐχομένη
403 765 440 834 δὲ
460 770 654 853 Μεγαρίδος
676 764 804 853 πόλιςῧ)
828 765 896 833 ἐστὶ
911 763 1144 851 Συράκουσαι,
1168 765 1223 830 καὶ
1237 766 1367 850 λιμένες

222 878 258 942 ἐν
282 871 365 962 αὐτῇ
391 873 467 942 δύο·
490 870 620 940 τούτων
645 868 663 939 ὁ
688 872 797 956 ἕτερος
812 867 905 948 ἐντὸς
918 875 1062 956 τείχους,
1087 866 1151 936 ὁδ’
1178 867 1278 949 άλλος
1297 871 1366 950 ἔξω.

223 980 316 1048 Μετὰ
351 979 389 1048 δὲ
420 979 544 1066 ταύτην
571 978 667 1058 πόλις
690 975 842 1064 Ἕλωρον
872 977 927 1043 καὶ
957 974 1116 1064 Πάχυνος
1151 974 1367 1062 ἀκρωτήριον.

218 1086 295 1166 ’Λπό
320 1087 483 1175 Παχύνου
511 1085 548 1154 δὲ
576 1085 689 1164 πόλεις
708 1082 899 1172 Ἑλληνίδες
926 1086 1012 1150 α’ίδε·
1045 1082 1242 1169 Καμάρινα,
1270 1085 1367 1167 Γέλα,

218 1194 391 1282 Ἀκράγας,
422 1197 603 1278 Σελινοῦς,
632 1192 818 1279 Λιλύβαιον
847 1189 1063 1279 ἀκρωτήριον.
1103 1187 1180 1257 ’Λπὸ
1205 1189 1242 1257 δὲ
1265 1197 1367 1259 Λιλυ-

221 1306 322 1386 βαίου
341 1300 437 1380 πόλις
455 1301 546 1368 ἐστὶν
565 1297 716 1385 Ἑλληνὶς
734 1296 877 1386 Ἰμέρα4)
901 1298 956 1365 καὶ
977 1295 1072 1376 πόλις
1084 1293 1237 1383 Ἑλληνὶς
1252 1299 1368 1365 Μυλαὶ

221 1408 276 1475 καὶ
300 1405 410 1494 λιμήν.
451 1401 534 1474 Κατ’
569 1404 750 1492 ἀντιπέραν
776 1403 898 1490 ταύτης
927 1403 1060 1495 Λιπάρα
1092 1408 1207 1491 νῆσος
1242 1409 1309 1473 ἔστι
1334 1402 1364 1471 δ’

222 1512 287 1582 άπὸ
312 1517 444 1582 Μυλῶν
468 1515 521 1582 ἐπὶ
544 1512 700 1601 Λιπάραν
724 1515 831 1598 νῆσον
854 1515 959 1590 πλοῦς
982 1507 1105 1597 ἡμέρας
1128 1509 1240 1598 ἥμισυ.
1271 1510 1367 1579 Ἔστι

222 1621 258 1688 δὲ
281 1618 456 1707 ἡΣικελία
478 1626 653 1707 τρίγωνος·
677 1617 714 1686 τὸ
740 1618 776 1686 δὲ
799 1622 910 1686 κῶλον
935 1619 1073 1686 ἕκαστον
1097 1618 1200 1705 αὐτῆς
1219 1619 1287 1686 ε’στλ
1306 1617 1367 1705 μά-

221 1736 316 1795 λιστα
339 1720 457 1795 στάδια
480 1731 569 1813 χίλια
592 1725 647 1792 καὶ
670 1723 880 1793 πεντακόσια.
910 1731 915 1806 Ι
941 1723 1113 1810 Ἐπάνειμι
1138 1723 1175 1792 δὲ
1198 1724 1299 1792 πάλιν
1315 1727 1367 1792 ἐπὶ
1387 1744 1442 1798 5Η,

220 1832 281 1919 τὴν
296 1833 451 1920 ἤπειρον,
476 1831 560 1900 ὅθεν
576 1831 808 1920 ἐξετραπόμην.
853 1835 902 1898 14.
922 1829 1000 1899 ’Λπὸ
1023 1817 1087 1918 γάρ
1102 1827 1238 1916 Ῥηγίου
1256 1829 1369 1910 πόλεις

222 1941 308 2007 είσλν
322 1943 411 2008 αίδε·
435 1945 575 2026 Λυκροί,
590 1945 784 2024 Καυλωνία,
799 1937 952 2026 Κρότων,
968 1942 1132 2004 Λακίνιον
1147 1937 1241 2024 ίερὸν
1251 1935 1367 2025 Ἥρας,

220 2047 275 2113 καὶ
298 2049 402 2133 νῆσος
425 2046 655 2135 Καλυψοῦςῧ),
684 2048 721 2114 ἐν
745 2036 765 2134 ᾖ
785 2042 964 2124 Ὀδυσσεύς
987 2043 1064 2136 ᾤκει
1087 2041 1175 2130 παρά
1198 2050 1367 2127 Καλυψοῖ,

220 2154 275 2220 καὶ
311 2152 457 2241 ποταμὸς
488 2153 657 2242 Κρῶθιςὸ)
688 2153 744 2220 καὶ
777 2151 943 2240 Σύβαρις,
980 2152 1035 2218 καλ
1068 2150 1230 2237 Θουρίαῗ)
1262 2148 1367 2230 πόλις.

223 2251 324 2327 Οῦτοι
353 2263 390 2328 έν
422 2265 461 2348 τῇ
490 2265 660 2349 Λευκανίηι
686 2258 855 2346 Ἕλληνες.
896 2262 944 2326 15.
968 2256 1063 2326 Μετὰ
1088 2256 1124 2324 δὲ
1151 2254 1213 2342 τὴν
1242 2263 1367 2324 Λευκα-

221 2373 300 2434 νίαν
320 2365 470 2452 Ἰάπυγές
493 2371 579 2434 είσιν
604 2371 705 2445 ἔθνος
720 2368 815 2452 μέχρι
836 2363 1029 2453 Ὠρίωνος8)
1054 2363 1155 2451 όρους
1177 2367 1238 2430 τοῦ
1261 2366 1298 2431 ἐν
1321 2368 1367 2456 τῷ

224 2472 336 2562 κόλπῳ
354 2477 399 2564 τῶ
421 2471 543 2565 ’Λδρίηα
585 2471 790 2559 Παράπλονς
807 2470 895 2558 παρά
909 2470 970 2558 τὴν
986 2469 1158 2556 Ἰαπυγίαν
1172 2475 1276 2557 τριῶν
1290 2469 1367 2558 ἡμε-

222 2583 292 2667 ρῶν
314 2581 370 2646 καὶ
391 2581 526 2668 τριῶνθ)
550 2583 691 2648 νυκτῶν.
726 2576 782 2646 Ἐν
807 2578 844 2646 δὲ
858 2581 897 2666 τῇ
918 2576 1070 2666 Ἰαπυγίᾳ
1085 2581 1238 2644 οἰκοῦσιν
1249 2575 1367 2663 Ἕλλη-

220 2712 277 2764 νες
299 2687 354 2753 καλ
376 2685 490 2766 πόλεις
512 2688 598 2754 εἰσὶν
623 2689 709 2753 αἵδε·
735 2683 948 2772 Ἡράκλειον,
972 2681 1224 2768 Μεταπόντιον,
1258 2682 1367 2771 Τάρας

221 2791 276 2859 καλ
295 2789 396 2878 λιμὴν
409 2789 551 2879 ’Τδροῦς
570 2793 623 2859 ἐπὶ
636 2796 681 2882 τῷ
696 2795 758 2859 τοῦ
777 2789 913 2878 ’Λδρίου
931 2786 951 2877 ἢ
966 2793 1012 2883 τῷ
1020 2789 1059 2878 ¹⁰)
1074 2793 1134 2857 τοῦ
1155 2787 1278 2857 Ἰονίου
1291 2788 1367 2857 κόλ-

221 2923 288 2964 που
311 2896 457 2984 στόματι.
505 2903 553 2966 16.
578 2895 673 2966 Μετὰ
698 2897 735 2965 δὲ
756 2895 910 2984 Ἰάπυγας
933 2894 991 2964 ἀπ’
1015 2894 1177 2985 Ὠρίωνος
1200 2903 1368 2964 Σαυνῖται

222 3009 324 3083 ἔθνος
348 3004 501 3093 έστλνΠ),
526 3003 697 3090 διήκοντες
720 3001 785 3070 άπὸ
809 3007 870 3070 τοῦ
898 3006 1110 3091 Τυρρηνικοῦ
1132 3001 1298 3089 πελάγους
1321 3007 1368 3082 είς

295 3235 320 3303 1)
339 3231 391 3303 τὴν
410 3231 489 3304 ρίαν,
509 3251 561 3289 em.
577 3233 684 3291 Cluver.
700 3265 733 3274 -
749 3239 775 3304 2)
795 3229 869 3304 Σύμ.
890 3252 973 3304 supra
990 3237 1056 3306 post
1069 3229 1204 3304 Κατάνην
1222 3235 1368 3304 ponendus

222 3325 290 3379 erat.
311 3355 343 3363 -
364 3327 391 3394 3)
412 3320 451 3393 ἐχ.
471 3323 503 3378 δὲ
522 3319 603 3386 πόλις
622 3326 737 3393 μεγαρίς
756 3319 826 3391 ἐστι,
846 3339 899 3379 em.
919 3323 1027 3379 Cluver.
1048 3355 1080 3363 -
1100 3326 1128 3393 4)
1148 3321 1238 3393 ίμέρα.
1259 3320 1316 3377 ἔστι
1335 3319 1366 3376 δέ

224 3408 241 3481 ἡ
261 3415 324 3467 Σικ.
344 3433 368 3467 τ.
382 3409 414 3466 τό
434 3409 465 3467 δὲ
485 3433 510 3469 κ.
527 3409 558 3468 ἐκ
577 3406 639 3467 αύτ.
660 3409 681 3467 ί,
701 3433 728 3481 μ.
748 3431 786 3466 στ.
808 3406 872 3482 μφ’.
892 3409 964 3467 κατὰ
984 3411 1074 3482 πέραν
1088 3408 1171 3467 πόλιν
1185 3406 1290 3480 λιπάρα
1304 3432 1329 3466 ν.
1345 3430 1367 3466 ε.

223 3501 272 3555 καλ
290 3504 350 3555 πολ.
372 3497 424 3555 ἕλλ.
444 3522 471 3571 μ.
491 3501 539 3555 καὶ
557 3496 653 3571 λιμήν·
674 3499 732 3555 ἔστι
750 3499 782 3556 δὲ
802 3496 859 3556 άπὸ
879 3522 906 3571 μ.
922 3496 969 3554 ε’πλ
983 3505 1038 3557 λιπ.
1054 3521 1078 3554 ν.
1093 3505 1136 3556 πλ.
1152 3496 1198 3570 ἡμ.
1213 3496 1320 3570 ἡμέρας
1335 3532 1367 3540 —

224 3589 369 3644 c.Mue11.
389 3588 490 3644 edidit:
513 3585 606 3660 Ἱμέρα
612 3631 620 3656 ,
639 3586 709 3659 μετά
729 3587 761 3645 δέ
777 3585 887 3660 Ἱμέραν
907 3585 989 3643 πόλιν
1008 3586 1121 3658 Λιπάρα
1139 3584 1225 3657 νῆσός
1243 3584 1302 3644 ἔστι
1320 3587 1368 3642 καλ

222 3673 302 3738 πόλις
317 3673 444 3744 Ἑλληνὶς
457 3673 556 3732 Μύλαι
574 3678 623 3732 καὶ
642 3673 732 3748 λιμήν.
755 3673 834 3732 Ἔστι
853 3677 885 3733 δὲ
901 3674 958 3732 άπὸ
973 3679 1010 3733 Μ.
1025 3709 1061 3718 -
1075 3710 1105 3718 —
1123 3671 1221 3746 ἥμισυ,
1241 3681 1270 3732 εδ
1282 3678 1369 3733 verba

221 3765 360 3835 proxima:
374 3761 452 3820 Ἔστι
471 3765 502 3821 δὲ
521 3761 539 3836 ἡ
554 3769 671 3820 Σικελία
686 3799 719 3806 -
735 3769 856 3822 σταδίων
872 3765 927 3840 αφ’
946 3767 1095 3837 glossatori
1113 3767 1239 3822 ssribuens
1257 3766 1365 3820 uncinis

221 3853 343 3908 inclusit.
363 3885 397 3896 —
416 3858 444 3924 5)
463 3852 580 3924 καλυψύ
600 3859 632 3910 ut
650 3873 722 3910 mox.
743 3887 774 3896 -
796 3859 822 3924 6)
842 3851 955 3924 πράσις,
979 3874 1030 3912 em.
1052 3855 1158 3911 Cluver.
1178 3885 1211 3895 -
1233 3859 1259 3924 7)
1277 3858 1368 3925 τυρία,

222 3957 274 3996 em.
301 3941 409 3998 cluver.
430 3971 461 3982 -·
481 3947 508 4012 8)
532 3939 657 4014 άρίονος,
676 3947 708 3999 ut
730 3961 795 3999 mox
817 3944 927 4014 iterum,
947 3962 998 4000 em.
1025 3945 1052 4000 Ο.
1076 3945 1170 4002 Muell.
1191 3975 1224 3984 -
1243 3944 1368 4000 Bursian.

219 4026 338 4100 ’Λρίονος
353 4031 455 4085 retinet
467 4031 497 4084 in
511 4033 606 4087 Museo
620 4033 717 4102 philol.
733 4033 868 4088 Rhenano
886 4034 941 4088 vol.
956 4033 1032 4101 XXI,
1051 4053 1078 4103 p.
1098 4041 1158 4090 216.
1174 4065 1205 4072 -
1221 4035 1248 4102 9)
1266 4031 1298 4098 ’ἑξ
1312 4033 1368 4100 bin

223 4136 275 4176 em.
296 4119 446 4175 G.M1'iller.
467 4151 502 4160 -
518 4123 563 4188 10)
578 4122 631 4176 Pro
646 4115 663 4190 ἢ
678 4122 715 4194 τῷ
731 4121 856 4178 Bursian.
871 4122 952 4176 maliss
966 4118 1036 4192 ἤτοι,
1056 4123 1105 4192 qui
1124 4123 1209 4177 etiam
1228 4122 1257 4176 in
1275 4122 1367 4190 proxi·

220 4208 273 4264 mis
291 4209 395 4278 ubique
414 4225 477 4263 cum
496 4209 591 4264 codice
610 4211 756 4282 δαννίιαι,
775 4213 937 4274 δαυνίτιδος
956 4213 986 4266 et
999 4214 1135 4274 δαννίτας
1148 4211 1258 4266 retinet.
1274 4241 1307 4250 -
1324 4215 1367 4279 11)

118 4367 122 4375 ι
222 4296 291 4352 Post
309 4296 394 4361 ἔθνος
413 4295 489 4353 ἐστίν
509 4298 567 4354 οοδ.
588 4298 680 4353 addit:
705 4295 736 4353 ἔν
759 4299 792 4355 δὲ
811 4297 901 4372 τούτῳ
928 4301 964 4375 τῷ
986 4299 1066 4354 ἔθνει
1085 4300 1205 4370 γλῶσσαι
1222 4294 1286 4369 ἤτοι
1305 4297 1366 4356 στό-
