3256 5102
681 329 900 394 ..15-

213 497 264 560 36.
293 489 389 567 Μετὰ
417 487 452 556 δ’
482 487 706 575 Ἀκαρνανίαν
734 491 880 554 Αἰτωλία
911 485 1001 552 ἐστὶν
1033 488 1134 562 ἔθνος
1163 484 1218 550 καλ
1246 481 1358 560 πόλεις

212 602 249 667 ἔν
277 596 360 686 αὐτῇ
384 598 470 665 εἰσὶν
499 599 586 663 αἵδε·
615 593 796 679 Καλυδών,
816 591 993 677 Ἁλίκνρνα
1002 591 1042 678 1),
1071 589 1279 676 Μολύκρεια·
1302 589 1357 655 καλ

213 703 230 773 δ
248 702 417 793 Δελφικδς
429 702 561 782 κόλπος.
598 700 714 788 Στόμα
730 699 767 767 δὲ
784 703 845 768 τοῦ
864 697 992 766 κόλπον
1010 695 1132 764 τούτου
1151 696 1219 763 ἐστὶ
1238 694 1356 764 στάδια

213 814 309 895 δέκα,
336 811 392 878 καὶ
423 807 473 877 ἐπ’
508 806 612 876 αὐτοῦ
644 805 736 895 ίερὸν
764 806 819 873 καὶ
848 803 1050 883 Ναύπακτος
1077 801 1185 881 πόλις·
1215 803 1269 870 καί
1303 800 1354 870 ἔπ’

213 915 328 1006 αύτῇέ)
366 915 479 994 πόλεις
518 915 603 981 εἰσὶν
649 911 747 980 ὰλλαι
778 912 898 979 πολλαὶ
929 915 1092 988 Αἰτωλοῖς
1124 909 1161 976 ἔν
1193 914 1358 998 μεσογείᾳ.

212 1022 417 1109 Παρύπλονς
432 1019 465 1088 δ’
487 1022 555 1088 ἐστὶ
574 1023 632 1105 τῆς
651 1023 816 1097 Αἰτωλίας
834 1014 958 1105 ἡμέρας
976 1020 1061 1102 μιᾶς.
1098 1013 1144 1083 Ἡ
1157 1014 1189 1081 δ’
1211 1020 1358 1108 Αἰτωλία

212 1127 352 1215 παρήκει
375 1125 436 1214 τὴν
462 1130 612 1214 Λοκρίδα
635 1130 745 1194 πᾶσαν
771 1112 835 1192 ὰπὸ
860 1129 1033 1210 μεσογείας
1056 1124 1151 1210 μέχρι
1175 1126 1358 1190 Αίνιανῶν.

215 1241 266 1304 37.
302 1233 396 1304 Μετὰ
430 1232 461 1300 δ’
497 1230 669 1310 Αἰτωλοὺς
701 1236 830 1318 Λοκροί
860 1235 946 1297 εἰσιν
980 1234 1096 1313 ἔθνος,
1129 1231 1166 1296 ἔν
1195 1224 1245 1308 οἷς
1273 1231 1359 1297 εἰσλν

215 1339 341 1422 Ὀζόλαι
355 1337 557 1425 καλούμενοι
570 1338 626 1404 καὶ
644 1336 757 1416 πόλεις
775 1340 862 1404 αἵδε·
886 1335 1050 1420 Εὐόνθις,
1064 1335 1244 1423 ’Ἄμφισσα
1282 1337 1359 1402 Εἰσὶ

217 1447 254 1516 δὲ
277 1449 332 1515 καὶ
355 1445 486 1524 τούτοις
507 1444 621 1522 πόλεις
650 1446 687 1510 ἔν
710 1449 876 1533 μεσογείᾳ.
906 1441 1126 1528 ’Παρόπλονς
1150 1440 1181 1509 δ’
1212 1443 1281 1509 ἐστὶ
1303 1446 1362 1528 τῆς

214 1559 358 1642 Λοκρῶν
375 1552 485 1640 χιόρας
502 1549 540 1619 τὸ
560 1549 664 1637 ἥμισυ
682 1547 814 1637 ἡμέρας.
856 1553 907 1617 38.
926 1547 1022 1616 Μετὰ
1042 1547 1079 1616 δὲ
1099 1547 1251 1635 Λοκρούς
1273 1553 1360 1616 εἰσιν

220 1660 378 1749 Φωκεῖςῧ)
408 1665 509 1737 ἔθνος
536 1655 619 1725 κατὰ
650 1654 688 1724 τὸ
712 1655 913 1744 Κιρραῖονέ)
950 1657 1090 1721 πεδίον
1112 1655 1167 1722 καὶ
1195 1653 1232 1722 τὸ
1268 1653 1361 1739 ἱερὸν

217 1771 278 1835 τοῦ
312 1765 519 1842 ’Λπόλλωνος
553 1763 608 1829 καὶ
639 1762 767 1847 Αελφολ
797 1759 896 1839 πόλις
922 1760 977 1827 καλ
1011 1758 1218 1847 Ἀντίκυραῧ)
1255 1759 1361 1845 πόλις,

220 1864 262 1938 οὗ
275 1875 428 1956 βέλτιστα
443 1871 713 1956 ἑλλεβορίζονται.
746 1864 952 1952 Παρύπλονς
967 1865 1004 1934 δὲ
1018 1869 1077 1952 τῆς
1093 1866 1238 1932 Φωκίων
1253 1864 1362 1954 χώρας

216 1976 320 2063 ἥμισυ
346 1974 479 2063 ἡμέρας.
508 1981 513 2058 Ι
547 1978 598 2042 39.
626 1970 722 2042 Μετὰ
753 1971 790 2040 δέ
821 1981 946 2052 Φωκεῖς
974 1977 1121 2040 Βοιωτοί
1145 1977 1231 2040 εἰσιν
1260 1977 1361 2052 ἔθνος
1372 1983 1404 2030 15
1415 1977 1448 2028 Η·

215 2084 270 2150 καὶ
291 2082 403 2162 πόλεις
426 2085 514 2149 αἵδε·
536 2085 692 2167 Κορσιαί,
716 2079 857 2168 Σίφαιθ)
875 2080 937 2146 καλ
951 2083 1107 2165 Κρεῦσις,
1131 2078 1232 2165 λιμὴν
1247 2078 1362 2166 εύτρη-
1482 2125 1485 2132 -

215 2215 272 2268 τος
279 2188 304 2277 ⁷)
310 2239 319 2272 ,
346 2189 401 2256 καί
425 2201 532 2276 τεῖχος
549 2191 617 2255 τῶν
632 2188 812 2255 Θεσπιέων.
849 2184 1053 2271 Παρύπλους
1072 2184 1109 2252 δὲ
1127 2189 1185 2271 τῆς
1200 2192 1363 2264 Βοιωτίας

215 2293 319 2382 η’μισν
346 2292 471 2382 ἡμέρας
502 2293 690 2383 ἔλάττωνῧ).
734 2297 786 2360 40.
816 2290 912 2360 Μετὰ
941 2291 978 2358 δὲ
1001 2289 1171 2371 Βοιωτούς
1195 2298 1363 2383 Μεγαρεῖς

216 2401 303 2468 εἰσὶν
333 2406 435 2478 ἔθνος
465 2401 520 2467 καὶ
550 2399 663 2477 πόλεις
699 2402 785 2466 αἰδε·
822 2397 1066 2488 Αίγόσθενα9),
1103 2405 1229 2486 Πηγαί,
1256 2414 1363 2486 τεῖχος

217 2505 396 2592 Γερόνεια,
419 2506 628 2592 Αίγειροςω).
674 2505 880 2592 Παρόπλονς
904 2505 941 2573 δὲ
963 2509 1022 2591 τῆς
1044 2507 1231 2592 Μεγαρέων
1254 2504 1363 2592 χώρας

220 2611 339 2680 στύδια
368 2610 495 2680 ἑκατόν.
544 2616 595 2678 41.
625 2609 721 2680 Μετὰ
751 2610 789 2679 δὲ
818 2619 988 2698 Μεγαρεῖς
1017 2609 1037 2698 ἡ
1067 2611 1242 2698 Κόρινθος
1268 2611 1363 2691 πόλις

143 2759 151 2776 =
216 2720 271 2786 καὶ
293 2715 385 2806 ἱερὸν
404 2716 519 2806 Ἥρας,
544 2719 689 2804 Λέχαιον
697 2719 747 2807 11),
771 2717 902 2804 ἰσθμός.
945 2716 1124 2786 Ἐντεῦθεν
1144 2717 1209 2805 ἤδη
1228 2717 1362 2805 ἄρχεται

217 2823 237 2911 ἡ
270 2824 517 2911 Πελοπόνησος.
553 2822 648 2892 ’Ἐστι
680 2821 710 2889 δ’
746 2821 811 2890 ἀπὸ
839 2823 1006 2911 θαλάττης
1033 2822 1054 2911 ἡ
1084 2823 1164 2905 ὁδὸς
1191 2823 1274 2912 πρὸς
1300 2824 1362 2912 τὴν

218 2929 271 3018 ἔφ’
305 2929 401 3018 ἡμῶν
428 2929 600 2998 θάλατταν
631 2930 687 2998 διὰ
720 2934 781 2998 τού
809 2935 936 3018 ἰσθμοῦ
964 2930 1083 3000 στύδια
1109 2931 1362 3020 τετταρύκονταῖ

218 3041 322 3115 ταῦτα
340 3037 496 3124 κολπώδη
515 3037 632 3105 πάντα.
674 3035 878 3124 Παρύπλονς
898 3037 936 3106 δὲ
954 3042 1012 3125 της
1029 3045 1231 3126 Κορινθίων
1255 3037 1363 3127 χώρας

220 3141 324 3230 ἥμισυ
338 3142 470 3230 ἡμέρας.
511 3148 564 3211 42.
583 3141 680 3212 Μετὰ
695 3143 732 3211 δὲ
746 3143 925 3230 Κόρινθον
940 3143 1077 3212 Σικυὼν
1091 3145 1195 3224 πόλις.
1236 3145 1363 3232 Ταύτης

220 3249 416 3336 παράπλους
439 3249 558 3317 στάδια
591 3247 709 3317 ἑκατὸν
733 3257 867 3319 εἰκοσιν.
922 3255 975 3318 43.
1006 3249 1101 3342 Μετὰ
1134 3251 1171 3320 δὲ
1203 3258 1362 3322 Σικυῶνα

218 3353 342 3442 Ἀχαιοί
375 3361 490 3442 ἔθνος,
523 3357 579 3424 καὶ
607 3355 720 3435 πόλεις
750 3358 836 3424 εἰσὶν
865 3359 902 3424 ἔν
930 3355 1044 3436 αὐτοῖς
1071 3362 1157 3426 αἵδε·
1194 3359 1362 3446 Πελλήνη,

220 3463 421 3551 ausuum),
458 3468 575 3549 Αἰγαί,
602 3471 739 3550 Αίγιον,
766 3460 896 3548 Ῥύπες,
926 3470 931 3546 1
961 3466 1022 3545 ἔξω
1042 3463 1079 3532 δὲ
1105 3462 1197 3532 Ῥίον
1220 3465 1361 3553 Πύτραι,
1373 3494 1405 3541 16
1415 3488 1450 3541 Η,

221 3568 331 3656 Δύμη.
372 3569 578 3657 Παρὰπλονς
597 3570 634 3638 δὲ
651 3575 714 3666 τῆς
730 3568 859 3657 Ἀχαῖας
873 3569 981 3657 χώρας
995 3570 1115 3639 στάδια
1130 3572 1363 3662 ἔπτακόσιαῙέ).

295 3730 321 3797 1)
340 3727 484 3799 μόκαρνα,
508 3747 560 3784 em.
585 3729 756 3786 SalmaS..-
780 3732 807 3800 2)
831 3725 930 3800 αύτήν,
954 3748 1006 3786 em.
1026 3731 1141 3790 Gallius,
1166 3765 1199 3774 —
1223 3736 1252 3802 3)
1278 3731 1364 3798 ἔθνος

221 3825 335 3890 φρικεῑς.
355 3849 388 3858 -
412 3821 441 3888 4)
460 3815 609 3888 κούραιον,
633 3836 685 3874 em.
704 3819 823 3876 Pulmer.
844 3851 875 3860 --
903 3822 930 3889 ὅ)
950 3816 981 3876 ἔν
999 3823 1033 3894 τῇ
1052 3818 1133 3896 κόρᾳ.
1153 3853 1188 3863 -
1206 3826 1233 3890 6)
1253 3821 1362 3893 σφύσις,

224 3920 276 3958 em.
296 3905 374 3961 Voss.
399 3939 432 3947 —-
458 3911 485 3978 ’1)
508 3907 557 3961 καὶ
582 3902 664 3978 λιμὴν
688 3902 813 3976 εύτριτος
835 3907 884 3963 καὶ
902 3915 992 3979 τεῖχος
1010 3911 1065 3964 τῶν
1093 3911 1231 3982 βοιωτῶν,
1255 3914 1362 3968 emend.

220 3993 469 4050 Forchhummerus
487 3997 538 4066 (im
558 3997 722 4067 Halcyoniu,
737 3996 860 4051 Berolini
880 4004 957 4068 1857,
975 4017 1003 4068 p.
1020 4005 1052 4054 16
1061 4004 1120 4068 ες).
1141 4031 1173 4039 -
1193 4003 1220 4068 8)
1240 3998 1361 4058 ἔλαττον.

222 4111 256 4122 »ν
276 4086 302 4150 9)
321 4078 502 4153 λιγόθθεναι,
521 4103 572 4140 em.
593 4085 710 4140 Salmas.
730 4115 763 4124 -—
785 4088 829 4154 10)
847 4081 922 4155 ὰρις,
942 4104 994 4142 em.
1014 4089 1134 4144 Gronov.
1155 4121 1188 4128 —
1209 4092 1258 4158 11).
1270 4084 1362 4158 ἅγιον,

222 4187 274 4224 em.
294 4171 323 4225 O.
347 4171 473 4227 Mueller.
503 4205 535 4213 -
566 4175 609 4243 12)
636 4170 739 4244 ἄστρα,
767 4177 889 4244 αἰγειον,
918 4173 1045 4246 αἰγαιοίς,
1073 4174 1174 4248 ῥύπος,
1204 4175 1362 4248 ἔξωχερίον,

223 4259 329 4314 emend.
349 4260 436 4332 Voss„
456 4261 584 4330 Palmer„
603 4262 675 4318 (λεδ.
694 4266 723 4318 et
741 4264 792 4319 Od.
811 4264 968 4319 Muellerus.
985 4297 1017 4304 —
1039 4269 1083 4336 13)
1101 4261 1255 4322 ὀκτακόσια
1274 4268 1363 4322 voluit

222 4349 349 4418 Lapieus.
