3256 5102
751 347 965 410 „40-

286 503 431 589 δέρμασι
439 502 463 590 ¹)
492 502 547 570 καὶ
582 502 752 590 ἐκπώμασι
778 507 840 571 τοῦ
864 505 1044 591 ἐλέφαντος
1066 503 1215 590 φιάλαις·
1238 505 1294 572 καί
1317 509 1355 574 αί
1375 533 1434 592 γυ-

284 623 396 689 ναῖκες
415 606 527 678 αὐτῶν
545 614 691 697 χρῶνται
709 614 823 700 κοσμῷ
844 616 970 691 φιλίοις
988 615 1049 679 τοῦ
1069 612 1262 697 ἐλέφαντος·
1286 615 1432 700 χρῶνται

285 715 323 784 δέ
345 716 401 783 καὶ
423 715 506 803 πρὸς
528 715 606 796 τοὺς
633 721 754 797 ἵππους
777 720 982 808 ἐλεφαντίνῳ
1006 716 1129 808 κόσμῳ.
1175 718 1253 786 Είσὶ
1278 718 1315 786 δὲ
1340 711 1431 787 οὗτοι

285 825 321 890 οί
347 827 511 903 Αἰθίοπες
541 825 690 910 μέγιστοι
720 822 913 911 ἀνθρώπων
942 824 1090 910 πάντων,
1121 815 1170 892 ὧν
1200 821 1294 912 ἡμεῖς
1319 809 1431 912 ’ίσμεν,

284 933 414 1016 μείζους
440 925 462 1016 ή
489 931 766 1018 τετραπήχεις-
790 931 854 998 είσὶ
884 932 924 998 δέ
943 957 1031 1010 τινες
1054 927 1167 998 αὐτῶν
1189 932 1245 997 καὶ
1269 931 1432 1017 πενταπή-

284 1057 364 1122 χεις·
390 1073 429 1086 -
458 1036 514 1103 καί
541 1037 790 1127 πωγωνοφόροι
819 1038 883 1107 είσὶ
911 1038 966 1106 καὶ
993 1041 1150 1125 κομῆται,
1177 1037 1233 1104 καί
1260 1037 1430 1104 κάλλιστοι

284 1144 421 1210 πάντων
444 1140 638 1231 ἀνθρώπων
667 1135 765 1212 οὗτοί
784 1149 858 1214 εἰσι.
903 1145 971 1212 Καὶ
994 1142 1162 1230 βασιλεύει
1185 1139 1298 1209 αὐτῶν
1322 1132 1431 1225 οὗτος,

285 1244 323 1327 δς
352 1243 395 1316 ἂν
423 1241 445 1338 ᾗ
473 1251 634 1336 μέγιστος.
681 1253 759 1319 Είσὶ
786 1252 841 1319 καί
870 1251 1049 1338 ἱππηλάται
1076 1249 1131 1317 καὶ
1159 1245 1349 1316 ἀκοντισταὶ
1376 1247 1431 1314 καί

284 1354 416 1435 τοξόται
445 1357 501 1423 καί
531 1362 676 1444 χρῶνται
706 1373 777 1438 τοῖς
805 1361 915 1445 βέλεσι
944 1358 1264 1444 πεπυρακτωμένοις.
1320 1359 1363 1422 Οἱ
1395 1353 1433 1422 δὲ

288 1466 443 1543 Φοίνικες
471 1469 609 1552 ἔμποροι
637 1465 809 1550 εἰσάγουσι
833 1462 948 1543 αὐτοῖς
970 1463 1092 1550 μύρον,
1114 1469 1217 1530 λίθον
1231 1466 1432 1548 Αἰγυπτίαν,

285 1565 444 1658 άπρουςέ)
479 1570 695 1656 ἐξαράκτους,
727 1573 875 1659 κέραμον
903 1566 1051 1636 Ἀττικὸν
1082 1568 1138 1634 καί
1170 1571 1263 1654 χοῦς·
1295 1567 1336 1634 τὰ
1370 1565 1434 1654 γὰρ

197 1691 232 1740 55
241 1686 275 1739 H.
285 1673 458 1762 πλάσματά
478 1677 569 1742 ἐστιν
594 1683 599 1756 Ι
624 1674 709 1744 ὤνια
733 1677 770 1744 έν
792 1690 863 1756 τοῖς
886 1676 994 1743 Χουσὶ
1020 1677 1060 1763 τῇ
1085 1675 1192 1762 ἑορτή,
1237 1673 1315 1740 Είσὶ
1340 1673 1378 1740 δέ
1402 1676 1438 1740 οί

286 1785 450 1862 Αἰθίοπες
478 1773 572 1850 οὗτοι
600 1782 800 1870 κρεοφάγοι,
828 1780 1088 1868 γαλακτοπόται,
1116 1778 1275 1849 οἴνουδὲ
1297 1783 1434 1848 ποιοῦσι

286 1885 393 1954 πολύν
416 1885 473 1956 ἀπ’
503 1885 673 1974 άμπέλων·
702 1888 762 1956 τὸν
787 1889 902 1957 δὲκαὶ
925 1886 1021 1956 αὐτοὶ
1045 1891 1080 1956 οί
1104 1893 1261 1966 Φοίνικες
1282 1886 1442 1973 ἄγουσιν,

275 1991 371 2059 ’Ἐστι
404 1991 436 2060 δ’
477 1991 591 2075 αὐτοῖς
622 1996 678 2080 καὶ
709 1994 805 2075 πόλις
839 1995 981 2083 μεγάλη,
1019 1989 1101 2080 πρὸς
1137 1989 1181 2078 ἣν
1214 1997 1249 2060 οί
1281 1998 1435 2070 Φοίνικες

287 2101 499 2168 εἰσπλέουσιν
536 2105 572 2169 οί
608 2107 755 2189 ἔμποροι.
809 2103 956 2187 Λέγουσι
989 2103 1029 2168 δέ
1061 2125 1149 2177 τινες
1185 2097 1326 2178 τούτους
1356 2096 1435 2176 τούς
1478 2157 1488 2172 ,

288 2211 459 2287 Αἰθίοπας
476 2207 639 2294 παρήκειν
659 2211 806 2294 συνεχῶς
825 2211 1000 2283 οἰκοῦντας
1019 2207 1178 2271 ἐντεῦθεν
1198 2207 1245 2280 εἰς
1260 2213 1434 2288 Αἴγυπτον

287 2314 342 2380 καί
371 2312 457 2382 εἶναι
483 2314 609 2401 ταύτην
637 2311 732 2401 τήν3)
764 2311 936 2380 θάλατταν
964 2313 1107 2398 συνεχῆ,
1143 2306 1246 2394 άκτήν
1279 2306 1311 2374 δ’
1347 2306 1434 2376 εἶναι

287 2419 351 2507 τήν
375 2420 516 2507 Λιβύην.

377 2531 429 2596 96.
467 2531 746 2594 ΔΙΑΦΡΑΓΜΑ
783 2523 848 2592 διὰ
883 2528 946 2611 τῆς
981 2522 1182 2609 θαλάττης
1217 2519 1326 2612 άπδ4)
1364 2525 1436 2608 τής

289 2631 484 2720 Εὐρώπης
512 2637 569 2712 είς
594 2631 666 2718 τήν
691 2630 823 2700 Ἀσίαν
850 2633 1029 2711 ἐπιεικῶς
1056 2629 1158 2698 εὐθὺ
1185 2626 1265 2697 κατ’
1299 2627 1436 2715 ὀρθόν.

367 2737 521 2826 ’Ἀρχεται
537 2738 574 2806 δέ
587 2737 624 2806 τὸ
641 2738 835 2827 διάφραγμα
850 2735 908 2806 ὐπ’
933 2736 1085 2826 Εὐρίπου
1107 2740 1168 2805 τοῦ
1189 2733 1272 2802 κατὰ
1287 2738 1437 2802 Χαλκίδα

289 2846 344 2914 καὶ
364 2851 455 2913 ἔστιν
475 2845 526 2913 ἐπὶ
545 2844 730 2931 Γεραιστὸν
749 2845 869 2913 στάδια
893 2845 1072 2914 ἑπτακόσια
1094 2847 1347 2937 πεντήκονταῧ),
1370 2846 1435 2916 άπὸ

290 2955 474 3039 Γεραιστοῦ
506 2951 559 3020 έπὶ
589 2950 766 3019 Παιάνιον
797 2957 856 3038 τής
883 2951 1034 3040 ’Ἄνδρου
1066 2954 1186 3022 στάδια
1214 2954 1434 3043 ὀγδοήκοντα,
1508 2996 1517 3012 ·

289 3059 354 3128 άπὸ
379 3059 589 3148 Παιωνίουθ)
616 3062 675 3144 τής
696 3057 848 3144 ’Ἄνδρου
876 3057 928 3124 ἐπὶ
956 3056 1017 3125 τὸν
1047 3057 1194 3156 Αὐλῶνα
1221 3062 1342 3130 στάδια
1365 3068 1436 3130 δια-

289 3165 388 3234 κόσια
410 3163 630 3252 ὀγδοήκοντα,
652 3170 714 3233 τοῦ
738 3163 901 3244 Αὐλῶνος
923 3164 1084 3246 διάπλους
1107 3171 1155 3246 είς
1181 3172 1293 3254 Τήνον
1318 3168 1437 3237 στάδια

291 3273 436 3358 δάδεκα,
468 3270 570 3359 αὐτής
600 3272 638 3340 δὲ
668 3277 726 3358 τής
755 3270 863 3359 νήσου
893 3272 945 3340 ἐπὶ
974 3269 1012 3338 τὸ
1045 3269 1256 3364 ἀκρωτήριον
1285 3274 1323 3343 τὸ
1354 3272 1437 3342 κατὰ

286 3377 447 3466 Ῥηναίαν
484 3379 603 3446 στάδια
639 3377 759 3448 ἑκατὸν
795 3378 1015 3466 πεντήκοντα,
1051 3382 1113 3446 τού
1147 3379 1184 3446 δὲ
1217 3379 1360 3446 διάπλου
1392 3385 1440 3460 είς

286 3483 445 3573 Ῥηναίαν
469 3485 589 3553 στάδια
612 3485 815 3575 ἕξήκονταῗ),
844 3483 946 3571 αὐτῆς
970 3485 1008 3552 δὲ
1025 3482 1180 3571 Ῥηναίας
1202 3485 1258 3552 καὶ
1281 3489 1342 3552 τοῦ
1367 3485 1439 3553 διά-

290 3601 377 3661 πλου
400 3595 447 3673 είς
466 3591 632 3662 Μύκονον
656 3592 775 3660 στάδια
799 3591 969 3680 ἑξήκοντα.
1012 3589 1089 3658 Ἀπό
1115 3589 1344 3659 δέ“Μυκόνου
1367 3590 1439 3659 διά-

291 3707 396 3780 πλους
423 3699 476 3768 έπὶ
504 3698 581 3780 τούς
604 3705 817 3780 Μελαντίους
848 3700 1031 3778 σκοπέλους
1053 3663 1310 3787 προαρδστιδίου
1332 3702 1438 3790 μικρῷ

1170 3843 1177 3882 Ι

367 4011 393 4077 1)
412 4006 620 4078 κοσμοστίκτοις
638 4002 687 4060 καλ
706 3997 767 4060 έκπ.
788 4033 821 4044 -
847 4005 874 4072 2)
895 3999 968 4067 Quid
990 3995 1055 4070 άπρ.
1077 3994 1152 4069 έξαρ.
1172 4000 1337 4072 significent,
1356 4015 1437 4056 nemo

295 4094 387 4151 adhue
404 4097 481 4150 recte
498 4093 652 4162 intellexib3
673 4093 702 4150 O.
716 4093 868 4147 Muellerus
879 4090 995 4160 conjicit
1004 4089 1092 4156 τούκ,
1112 4091 1241 4159 equibus
1255 4088 1324 4142 mihi
1338 4083 1437 4144 ἄλλους

206 4215 212 4232 ·
295 4188 345 4254 (εα
363 4185 475 4252 λίθους)
494 4178 663 4250 ἐξορύκτους
681 4183 788 4252 optime
806 4181 909 4250 placet.
930 4209 962 4218 —-
987 4179 1014 4247 3)
1033 4175 1085 4247 τήν
1104 4179 1208 4248 adjecit
1226 4177 1254 4229 Ο.
1274 4171 1433 4226 Muellerus.

295 4303 329 4315 -·-
349 4277 377 4341 4)
395 4268 453 4326 άπὸ
474 4271 585 4326 addidit
598 4271 671 4327 Gail.
691 4303 725 4312 -
744 4273 772 4340 ὁ)
791 4267 816 4334 ζ’
836 4265 926 4337 κοινή,
945 4285 998 4323 em.
1018 4268 1046 4322 0.
1066 4268 1161 4322 Muell.
1180 4295 1213 4305 ·—
1233 4263 1260 4330 6)
1279 4263 1371 4315 Παιω.
1389 4261 1438 4316 ad·

292 4361 525 4435 jecitc.Mue11.
547 4392 581 4401 -
606 4362 632 4430 7)
656 4357 687 4431 μ’
712 4376 763 4431 pro
787 4355 824 4428 ξ’,
847 4359 880 4412 ut
901 4356 931 4411 in
954 4356 1087 4427 proximis
1113 4351 1203 4409 verbis
1227 4349 1338 4408 ifierum.
