3256 5102
681 350 898 414 ,39-

219 508 364 597 ποταμός
386 510 443 578 καὶ
466 506 567 596 λιμὴν
590 507 645 573 καὶ
668 505 763 584 πόλις
789 509 959 573 Φοινίκων
982 487 1221 592 ΘνμιατηρίαῙ)
1246 501 1362 590 ὄνομα.

216 612 293 683 Ἀπὸ
325 621 551 704 Θυμιατηρίας
583 617 686 692 πλοῦς
720 617 768 692 είς
800 611 1007 699 Σολόενταέ)
1043 609 1166 697 άκραν,
1196 605 1217 694 ἣ
1251 607 1362 696 άνέχει

217 721 359 808 μάλιστα
392 727 439 800 είς
473 719 533 790 τὸν
560 719 695 788 πόντον.
750 723 816 804 Τῆς
844 717 880 786 δὲ
909 717 1037 804 Λιβύης
1063 715 1202 804 πάσηςῧ)
1229 713 1311 800 αὕτη
1339 713 1360 801 ἡ

216 829 308 915 χώρα
325 815 585 915 Ιὀνομαστοτάτη
613 827 668 893 καὶ
698 825 866 912 ἱερωτάτη.
913 822 985 891 Ἐπὶ
1017 823 1054 890 δέ
1085 826 1130 913 τῷ
1165 820 1360 912 ἀκρωτηρίῳ

216 937 274 1019 τῆς
305 933 408 1022 άκρας
439 940 548 1002 ἔπεστι
579 931 691 1020 βωμός
723 929 1009 1020 μεγαλοπρεπὴς)
1034 933 1258 1024 Ποσειδρνος.
1304 925 1361 994 Ἐν

218 1039 255 1108 δέ
277 1045 322 1132 τῷ
345 1045 447 1132 βωμῷ
472 1041 536 1108 εἰσὶ
558 1039 813 1128 γενλυμμένοιῧ)
836 1036 970 1123 ἄνδρες,
993 1037 1198 1123 νυναίκεςθ),
1222 1038 1361 1122 λέοντες,

217 1152 385 1235 δελφῖνες·
416 1151 591 1215 Δαίδαλον
623 1148 662 1214 δέ
691 1165 773 1233 φασι
803 1148 948 1231 ποιῆσαι.
998 1140 1076 1210 Ἀπὸ
1107 1143 1144 1210 δέ
1175 1142 1362 1222 Σολόεντος

217 1252 321 1340 άκρας
347 1253 494 1340 ποταμός
523 1255 630 1336 ἐστιν,
662 1244 689 1344 ᾧ
717 1251 825 1339 ὄνομα
853 1249 992 1336 Λίξοςῖ).
1038 1250 1124 1337 Περὶ
1151 1253 1273 1318 τοῦτον
1299 1249 1361 1318 τὸν

216 1359 367 1446 ποταμὸν
395 1363 624 1446 περιοικοῦσιν
649 1363 812 1437 Αἰθίοπες
841 1356 1029 1445 ἐσπέριοιθ).
1075 1355 1169 1423 Κατόι
1193 1355 1231 1422 δέ
1258 1359 1361 1424 ταῦτα

216 1465 320 1552 νῆσός
338 1469 439 1551 ἐστιν,
453 1458 484 1554 ᾗ
503 1465 610 1552 όνομα
629 1467 752 1553 Κέρνη.
794 1463 999 1553 Παράπλους
1019 1459 1049 1528 δ’
1071 1460 1135 1530 άπὸ
1154 1459 1360 1549 Ἡρακλείων

214 1576 346 1658 στηλῶν
370 1571 423 1659 ἐφ’
448 1569 612 1661 Ἑρμαίαν
636 1570 742 1660 άκραν
765 1568 900 1658 ἡμερῶν
925 1569 997 1638 δύο.
1038 1567 1116 1663 Ἀπὸ
1142 1568 1178 1636 δὲ
1203 1566 1362 1657 Ἑρμαίας
1443 1572 1447 1580 ’

213 1677 316 1766 άκρας
339 1683 386 1758 είς
410 1678 583 1746 Σολόεντα
611 1676 718 1766 άκραν
748 1677 942 1763 παράπλους
969 1673 1104 1763 ἡμερῶν
1127 1680 1238 1762 τριῶν.
1282 1674 1359 1742 'Auel

216 1784 253 1850 δέ
277 1785 465 1864 Σολόεντος
488 1789 534 1864 είς
559 1785 693 1872 Κέρνην
717 1781 910 1870 παράπλους
933 1780 1067 1870 ἡμερῶν
1092 1781 1179 1850 ἑπτά.
1217 1781 1359 1868 Σόμπας

215 1887 252 1957 δέ
276 1888 293 1957 ὁ
318 1889 513 1978 παράπλους
536 1882 633 1970 οὗτός
656 1892 726 1958 ἐστι
749 1887 813 1957 άπὸ
831 1887 1037 1976 Ἡρακλείων
1057 1893 1189 1975 στηλῶν
1208 1893 1255 1968 είς
1275 1891 1360 1974 Κέρ-
1444 1907 1447 1912 ’

213 2023 278 2082 νην
311 2001 419 2084 νῆσον
450 1994 584 2084 ἡμερῶν
623 1996 795 2081 δάδεκα9).
849 2001 914 2082 Τῆς
944 1997 1076 2082 Κίρνης
1109 1995 1147 2062 δέ
1181 1995 1289 2082 νήσου
1320 1994 1361 2064 τὰ

162 2158 172 2176 .
214 2105 364 2172 ἐπέκεινα
384 2101 493 2172 οόκέτι
512 2104 580 2171 ἐστὶ
594 2102 707 2172 πλωτὰ
727 2102 782 2170 διὰ
801 2101 990 2190 βραχύτητα
1004 2101 1171 2188 θαλάττης
1184 2103 1239 2169 καὶ
1253 2101 1360 2188 πηλὸν

214 2211 269 2277 καὶ
298 2213 411 2298 φῦκος.
445 2209 575 2294 )·”Εστι
605 2210 641 2278 δέ
670 2209 708 2279 τὸ
738 2214 845 2297 φῦκος
867 2213 925 2295 τῆς
949 2213 1074 2296 δοχμῆς
1096 2207 1133 2277 τὸ
1157 2207 1279 2288 πλάτος
1301 2209 1356 2276 καὶ
1369 2231 1447 2286 5411,

213 2315 349 2385 ἄνωθεν
374 2313 444 2402 ὀξό,
469 2315 552 2386 ὥστε
571 2332 709 2385 κεντεῖν.
747 2321 790 2383 οί
808 2315 840 2382 δ’
867 2321 1009 2403 ἔμποροί
1025 2320 1089 2383 είσι
1108 2314 1170 2402 μὲν
1192 2321 1360 2396 Φοίνικες·

214 2423 297 2490 ἐπὰν
326 2421 357 2489 δ’
367 2425 405 2512 ¹⁰)
433 2420 619 2509 ἀφίκωνται
648 2427 695 2502 είς
717 2419 778 2510 την
806 2425 913 2508 νῆσον
936 2418 998 2507 τὴν
1022 2423 1170 2509 Κέρνην,
1197 2420 1276 2501 τοὺς
1299 2421 1360 2508 μὲν

214 2528 360 2615 γαύλους
390 2535 669 2617 καθορμίζουσιν,
703 2531 740 2598 ἐν
769 2531 809 2617 τῇ
840 2531 954 2616 Κέρνη
985 2527 1110 2614 σκηνάς
1140 2529 1360 2616 ποιησάμενοι

214 2633 343 2722 αὑτοῖς,
366 2635 428 2705 τδν
452 2636 490 2704 δέ
513 2636 641 2725 φόρτον
665 2635 852 2724 ἐξελόμενοι
876 2633 971 2703 αὐτοὶ
996 2639 1225 2723 διακομίζουσι
1249 2638 1286 2702 ἐν
1309 2663 1360 2722 μι-

214 2757 306 2830 κροῖς
336 2749 465 2823 πλοίοις
493 2749 540 2823 είς
566 2742 628 2830 τὴν
658 2742 807 2832 ἤπειρον.
860 2742 938 2810 Εἰσὶ
974 2738 1005 2808 δ’
1040 2743 1248 2831 ΑίδίοπεςΠ)
1278 2740 1360 2828 πρὸς

213 2847 275 2934 τὴν
298 2847 451 2935 ἤπειρον·
484 2850 549 2917 εἰσὶ
573 2849 610 2917 δὲ
634 2841 727 2918 οὗτοι
756 2849 833 2938 05²²)
862 2854 1036 2935 Αἰθίοπες,
1064 2847 1147 2936 πρὸς
1171 2845 1229 2932 οὓς
1258 2851 1360 2916 διατί-

131 2999 139 3016 .
214 2963 342 3024 θενται.
388 2961 541 3024 Πολοῦσι
565 2955 602 3024 δὲ
625 2954 707 3045 πρὸς
731 2957 876 3045 δέρματα
895 2956 1031 3043 ἐλάφων
1054 2957 1109 3023 καὶ
1132 2955 1280 3023 λεόντων
1303 2955 1359 3021 καὶ

214 3064 413 3148 παρδαλίων
439 3062 494 3130 καὶ
519 3065 664 3150 δέρματα
687 3062 890 3149 ἐλεφάντων,
917 3063 972 3130 καὶ
1001 3060 1186 3149 ὀδόνταςέῧ)
1214 3063 1359 3129 καὶτῶν

211 3165 345 3256 ἡμέρων
359 3169 588 3256 βοσκημάτων.
619 3173 663 3236 Οί
671 3175 834 3249 Αἰθίοπες
848 3173 993 3256 χρῶνται
1007 3169 1120 3261 κόσμφ
1134 3173 1360 3247 καταστίκτοις

210 3421 213 3428 ·
289 3385 316 3452 1)
334 3378 534 3453 θυμιατηριάς,
553 3400 606 3438 em.
626 3383 704 3440 Voss,
724 3413 757 3424 -
783 3387 811 3453 2)
834 3383 921 3446 πλοῦς
943 3385 1019 3440 recte
1038 3383 1144 3454 adjecit
1161 3383 1190 3440 C.
1209 3384 1303 3440 Muell.
1325 3413 1359 3423 -

215 3470 323 3528 Deinde
343 3473 430 3528 codex
449 3468 584 3526 σολόεσαν
602 3472 689 3526 habet
707 3473 756 3528 sed
778 3489 843 3526 mox
861 3471 904 3526 bis
923 3469 1077 3545 σολόεντος.
1097 3503 1131 3514 -
1155 3475 1182 3542 ³)
1200 3473 1286 3543 πᾶσα,
1305 3491 1358 3530 em.

214 3561 339 3615 Bursian.
359 3593 392 3602 -
412 3566 440 3631 4)
459 3579 519 3632 με).
539 3559 652 3630 ποινής·
671 3561 842 3631 ποσιδῶνος,
866 3562 977 3632 egregie
1001 3563 1109 3618 emend.
1130 3562 1159 3618 G.
1178 3562 1304 3617 Mueller.
1324 3593 1357 3602 -

215 3651 241 3716 ὃ)
260 3649 457 3720 γεγραμμένοι,
480 3669 532 3707 em.
557 3651 642 3706 Henr.
662 3650 800 3705 Brunniue
819 3650 849 3704 in
867 3649 951 3706 libro:
976 3649 1143 3706 Geschiehte
1166 3652 1215 3706 der
1238 3651 1358 3722 grieehl·

214 3738 299 3792 eehen
316 3737 449 3793 Klineller
467 3741 522 3794 vol.
538 3741 558 3808 I,
577 3758 605 3810 p.
622 3747 663 3809 16,
682 3756 801 3808 quocum
821 3738 960 3794 consentit
978 3739 1003 3795 J.
1020 3739 1207 3795 Overbeekius
1225 3739 1255 3793 in
1269 3739 1357 3795 libro:

213 3825 265 3894 Die
288 3827 404 3882 antiken
427 3828 645 3900 Schriflquellen
668 3847 716 3883 zur
739 3827 905 3884 Gesehiehte
929 3829 979 3883 der
1005 3828 1157 3884 bildenden
1180 3830 1287 3886 Kfinste
1311 3829 1358 3885 bei

214 3913 269 3968 den
292 3915 429 3970 Grieeheu
452 3934 515 3987 pag.
536 3925 630 3973 11-
655 3922 683 3988 6)
707 3913 874 3987 ἀνδριάντες
896 3934 948 3986 pro
971 3911 1088 3986 ἄνδρες,
1115 3924 1249 3986 γυναῖκες
1270 3919 1358 3973 habet

214 4003 301 4057 codex
329 4005 358 4056 el
383 4004 532 4075 Brunniuu,
559 4010 592 4062 ut
619 4007 648 4062 C.
672 4005 837 4075 Muellerus,
868 4006 972 4060 relinet
995 4008 1119 4061 vertens:
1146 4007 1357 4076 „mensehliehe

212 4092 333 4146 Bilder“.
352 4124 387 4134 -
407 4096 433 4161 7)
451 4093 526 4158 ξιῶν.
546 4125 580 4134 -—
599 4099 626 4166 8)
647 4085 725 4166 ίερόί,
745 4113 798 4152 em.
819 4095 1036 4151 Slothouwerus.
1055 4126 1089 4134 —
1108 4099 1136 4164 9)
1155 4095 1226 4150 δέκα
1245 4093 1306 4151 δόο.
1322 4127 1356 4136 -

216 4185 257 4250 10)
276 4181 326 4236 καί
344 4200 395 4252 pro
415 4182 455 4238 δέ.
476 4215 510 4222 -
530 4188 573 4253 11)
593 4184 670 4250 Quae
689 4187 841 4256 sequuntur
859 4201 945 4254 usque
965 4185 1000 4238 ad
1019 4201 1117 4239 vocem
1136 4185 1356 4258 πεπυρακτωμέ-

214 4290 275 4334 νοις
293 4289 327 4327 ex
345 4271 401 4326 alio
419 4272 497 4327 fonte
516 4273 619 4327 hausta
638 4276 709 4328 sunl.
730 4305 762 4314 -
783 4277 828 4344 12)
847 4271 879 4329 δὲ
899 4291 950 4343 pro
971 4271 1006 4330 οί.
1026 4305 1058 4314 -
1085 4279 1128 4344 13)
1148 4269 1283 4348 ὀδόντων,
1303 4293 1361 4340 σοι)

212 4360 322 4417 Reinee.
343 4393 376 4402 -
396 4362 440 4416 Ad
458 4364 575 4436 βοσκημ.
595 4362 693 4432 supple
712 4359 845 4434 δέρματα.
