3256 5102
692 331 910 395 ..33-

315 489 365 554 90.
393 484 547 574 ’Ἀρχεται
575 483 595 573 ἡ
625 486 745 573 Λιβύη.
785 482 862 554 Ἀπὸ
890 489 950 554 τοῦ
980 487 1184 553 Κανυπικοῦ
1212 483 1374 573 στόματος

226 596 287 661 τοῦ
315 599 442 662 Νείλου
468 591 740 682 Ἀδυρμαχίδαι)
768 598 870 672 ἔθνος
893 591 1041 678 Λιβύων.
1080 589 1134 658 Ἐκ
1162 589 1313 672 Θώνιδος
1336 590 1374 659 «ll

226 703 330 780 πλοῦς
348 699 472 787 mlv)
492 705 539 780 είς
555 700 672 788 Φάρον
691 704 798 787 νῆσον
814 699 971 788 έρημονθ)
991 697 1109 765 στάδια
1124 695 1242 766 ἑκατὸν
1256 696 1374 783 πεντή-

226 831 337 873 κοντα.
389 806 487 874 Ἐίσλν
517 804 548 874 δ’
580 810 617 875 ἐν
645 805 729 895 αὐτῇ
757 807 888 892 λιμένες
916 809 1049 889 πολλοί,
1076 801 1170 890 ῦὸοιρ
1199 802 1230 870 δ’
1257 807 1292 872 έκ
1318 808 1375 889 τῆς

228 915 380 999 Μαρείας
407 903 526 1000 λίμνης
552 911 755 1002 ὑδρεύονται
787 951 823 963 -
855 916 923 979 ἔστι
950 908 1013 997 γάρ
1040 909 1192 998 πότιμος·
1222 949 1260 960 -
1292 907 1309 977 ὸ
1340 908 1371 976 θ’

229 1016 401 1099 άνάπλους
432 1024 479 1100 είς
506 1018 568 1107 τὴν
596 1025 719 1108 λίμνην
746 1018 873 1106 βραχὺς
900 1018 935 1084 ἐκ
967 1015 1092 1104 Φάρον.
1128 1015 1223 1085 Ἔστι
1252 1016 1289 1084 (ll
1319 1017 1375 1084 καὶ

229 1124 444 1212 Χερρόνησος
469 1127 525 1193 καὶ
553 1125 668 1211 λιμήν·
702 1131 769 1192 ἔστι
798 1125 835 1192 δὲ
863 1127 923 1193 τοῦ
951 1122 1127 1210 παράπλου
1154 1123 1272 1192 στάδια
1305 1127 1375 1192 ὸια·

232 1229 371 1317 κόσιαλ).
405 1229 482 1297 Ἀπὸ
506 1229 725 1317 Χερρονήσου
749 1229 786 1296 δὲ
809 1228 1030 1319 Πλίνθινόςῧ)
1060 1232 1129 1298 έστι
1154 1227 1285 1309 κόλπος.
1330 1229 1375 1298 Τὸ

233 1333 270 1401 cll
289 1333 395 1421 στόμα
414 1335 483 1402 ἐστὶ
500 1339 561 1403 τοῦ
572 1341 776 1403 -Πλινθίνου
793 1333 921 1402 κόλπου
939 1340 986 1414 είς
1001 1334 1132 1423 Λευκὴν
1151 1333 1254 1422 άκτὴν
1272 1337 1376 1416 πλοῦς

231 1438 356 1528 ἡμέρας
377 1442 442 1509 ’καὶ
474 1441 603 1523 νυκτός.
648 1440 692 1510 Τὸ
721 1439 753 1508 θ’
783 1446 830 1522 είς
857 1439 917 1510 τὸν
949 1441 1057 1530 μυχὸν
1088 1447 1149 1512 τοῦ
1181 1447 1376 1511 Πλινθίνου

229 1548 357 1616 κόλπου
377 1548 429 1628 ὸλς
446 1552 619 1617 τοσοῦτον.
648 1556 872 1637 Περιοικείται
893 1547 930 1616 δὲ
948 1547 1067 1641 κύκλῳ.
1096 1546 1174 1618 Ἀπὸ
1195 1548 1232 1617 δὲ
1247 1551 1377 1636 Λευκῆς

229 1653 329 1742 άκτῆς
355 1659 402 1734 είς
428 1654 706 1742 Λαοὸαμάυτειον
734 1656 852 1742 λιμένα
875 1659 978 1734 πλοῦς
1004 1653 1109 1742 ἥμισυ
1131 1653 1264 1743 ἡμέρας.
1298 1653 1376 1722 Ἀπὸ

230 1760 268 1827 δέ
301 1765 580 1849 Λαοδαμαντείου
617 1761 752 1848 λιμένος
783 1764 830 1839 είς
860 1759 1091 1847 Παραιτόνιον
1123 1761 1242 1848 λιμένα
1273 1765 1377 1840 πλοῦς

230 1863 334 1953 ἥμισυ
352 1864 484 1970 ἡμέρας.
516 1865 647 1954 ’Ἐχεται
665 1858 758 1946 Ἀπις
781 1865 885 1946 πόλις.
917 1869 1046 1956 Μέχρις
1068 1860 1131 1936 οῦν
1150 1870 1299 1936 ἐνταῦθα
1317 1872 1377 1936 Αί-

230 1970 364 2058 γύπτιον
387 1971 559 2061 άρχουσιν.
596 1977 648 2040 91.
672 1971 750 2040 Ἀπὸ
776 1970 807 2038 δ’
827 1971 972 2052 ’Ἀπιθος
995 1979 1096 2054 ἔθνος
1124 1973 1262 2060 Λιβόιον
1287 1975 1377 2042 ἐστὶν
1478 2005 1483 2012 ·

231 2082 266 2147 ολ
290 2083 513 2167 Μαρμαρίδαι
541 2082 655 2168 μέχρις
683 2083 731 2159 είς
755 2076 959 2166 Ἑσπερίδας.
1002 2076 1079 2148 Ἀπὸ
1109 2077 1140 2146 θ’
1159 2079 1299 2160 ’Ἀπιὸος
1325 2080 1377 2148 ἐπὶ

235 2187 476 2274 Τυνὸαρίουςθ)
496 2188 678 2266 σκοπέλους
699 2188 804 2265 πλοῦς
826 2181 957 2271 ἡμέρας.
978 2190 983 2268 Ι
1004 2185 1071 2253 Καὶ
1090 2182 1155 2252 άπὸ
1178 2190 1377 2273 Τυνδαρίων
1390 2211 1424 2260 45
1439 2207 1473 2262 H.

231 2293 402 2360 σκοπέλων
429 2296 477 2370 είς
504 2289 678 2379 Πλυνὸνῖ)
706 2291 825 2377 λιμένα
853 2294 957 2369 πλοῦς
984 2287 1115 2380 ἡμέρας.
1155 2289 1209 2360 Ἐν
1236 2296 1378 2362 Πλυνοῦ

231 2403 278 2476 είς
300 2401 475 2483 Πέτραντα
497 2394 557 2465 τὸν
581 2397 718 2488 μέγανθ)
741 2401 845 2476 πλοῦς
867 2394 971 2483 ἥμισυ
989 2394 1123 2484 ἡμέρας.
1150 2396 1205 2466 Ἐκ
1228 2401 1377 2487 Πέτραν-

231 2530 287 2582 τος
310 2507 357 2582 είς
379 2503 557 2572 Μενέλαον
580 2507 684 2584 πλοῦς
711 2499 846 2591 ἡμέρας.
887 2501 942 2571 Ἐκ
965 2503 1146 2572 Μενελάου
1169 2509 1216 2584 είς
1238 2504 1378 2592 Κυρθά-

231 2637 324 2678 νειον
347 2613 452 2690 πλοῦς
473 2606 605 2699 ἡμέρας.
648 2608 726 2679 Ἀπὸ
750 2615 971 2698 Κυρθανείου
991 2607 1239 2700 Ἀντίπυργοςῦ)
1263 2610 1377 2698 λιμήν·

232 2719 336 2796 πλοῦς
358 2715 462 2804 ἥμισυ
484 2714 616 2804 ἡμέρας.
650 2715 727 2784 Ἀπὸ
752 2714 783 2783 θ’
807 2713 1028 2803 Ἀντιπῦργου
1050 2719 1182 2805 Πέτρας
1205 2715 1223 2786 ὸ
1251 2717 1377 2808 μικρὸς,

231 2822 345 2909 λιμήν·
373 2827 477 2901 πλοῦς
503 2821 608 2910 ἥμισυ
633 2821 765 2912 ἡμέρας.
804 2820 882 2890 Ἀπὸ
906 2826 1097 2911 Πέτραντος
1122 2826 1228 2911 τοῦῑο)
1257 2827 1378 2912 μικροῦ

233 2930 271 2993 αἱ
290 2927 502 3016 Χερόόνησοι
526 2926 738 3018 Ἀζίριὸεςη),
762 2926 880 3015 λιμόν,
902 2951 941 2978 -·-
968 2933 1069 2998 ταῦτα
1092 2933 1151 3018 τῆς
1172 2937 1379 3019 Κυρηναίων

232 3031 342 3122 χώρας
360 3036 433 3102 έστί
450 3074 489 3084 -
509 3041 614 3118 πλοῦς
636 3034 769 3125 ἡμέρας.
805 3033 860 3103 Ἐν
880 3036 918 3104 <ll
935 3041 981 3129 τῷ
1001 3039 1090 3128 μέσῳ
1109 3039 1301 3125 Πέτραντος
1322 3039 1379 3106 καὶ

233 3140 460 3228 Χερρονήσου
479 3144 543 3210 είσὶ
566 3147 665 3230 νῆσοι
685 3141 851 3229 Ἀηὸιονία
874 3144 930 3210 καὶ
953 3142 1123 3212 Πλάτειαι.
1147 3141 1317 3232 ΓΤφορμοι
1341 3144 1379 3212 ll

231 3243 290 3314 ὑπ’
316 3244 476 3335 αὐταῑςῑέ)
504 3251 599 3316 είσίν.
633 3246 813 3317 Ἐντεῦθεν
841 3247 974 3337 άρχεται
1001 3246 1039 3336 τὸ
1068 3254 1204 3336 σίλφιον
1230 3249 1378 3337 φύεσθαι

231 3437 443 3449 Ἣ

303 3551 330 3618 1)
350 3549 379 3604 C.
402 3549 553 3606 Muellerus
575 3551 669 3607 malit:
693 3551 804 3622 πρῶτον
829 3547 915 3614 ἔθνος
937 3547 1051 3622 Λιβύων
1072 3545 1276 3622 Ἀδυρμαχίδαι.
1299 3587 1330 3596 -
1350 3557 1377 3622 2)

232 3637 330 3690 πλουά
346 3653 397 3707 pro
411 3643 454 3694 πλ.
471 3635 553 3696 ἐστίν.
565 3671 598 3682 -
614 3645 642 3710 3)
656 3642 724 3696 Post
737 3638 840 3712 ἔρημον
855 3639 954 3694 habet:
975 3634 1120 3710 εῦλίμενος
1133 3639 1165 3695 δὲ
1183 3642 1232 3696 καὶ
1247 3638 1377 3711 ἄνυδρος,

232 3723 354 3793 glossam
373 3727 565 3797 marginalem,
585 3731 614 3783 et
631 3731 696 3798 post
713 3743 859 3783 numerum
878 3728 1033 3784 stadiorum
1053 3729 1159 3799 pergit:
1184 3726 1216 3785 ἐν
1235 3729 1267 3786 δὲ
1287 3727 1376 3804 φάρῳ.

234 3843 267 3852 -
287 3815 314 3882 4)
333 3813 454 3884 Lapieus
472 3817 573 3871 maluil
591 3814 646 3888 οβ’.
666 3849 700 3856 -
720 3821 746 3888 5)
765 3819 866 3886 πλιθίη
885 3820 914 3873 ελ
931 3833 996 3872 mox
1013 3819 1164 3887 πενθινοῦ,
1183 3836 1236 3874 em.
1255 3820 1333 3875 Voss.
1345 3851 1378 3860 —

233 3903 260 3968 6)
279 3895 331 3968 τὴν
349 3900 467 3973 ὸαρέου,
491 3921 544 3960 em.
566 3905 682 3962 Salman.
707 3937 741 3948 ·-
766 3908 792 3977 7)
810 3903 933 3970 πλυνοός
957 3909 987 3962 el>
1008 3925 1073 3962 mox
1091 3909 1211 3964 πλννῦν.
1231 3941 1264 3950 -
1285 3913 1311 3977 8)
1330 3909 1378 3965 πέ-

232 3984 389 4056 τράντατον
404 3991 463 4059 (sic)
483 3993 580 4062 μέγαν.
597 4028 629 4035 -
645 3998 671 4064 9)
686 3990 848 4066 άντίπνγος,
868 4013 921 4052 em.
935 3997 1020 4052 Henr.
1034 3997 1175 4067 Barthius,
1193 3998 1242 4054 ille
1256 3999 1378 4069 peregri-

234 4077 316 4132 nator
334 4079 541 4148 celeberrimum
562 4084 611 4138 cfr.
630 4084 689 4139 eius
707 4086 823 4140 librum:
846 4085 1064 4157 Wanderungen
1089 4087 1177 4142 durch
1195 4089 1241 4143 die
1259 4089 1378 4144 Klinten-

232 4167 330 4222 lilnder
348 4169 397 4224 des
415 4170 624 4242 Μίλλολπιεοτοε,
638 4176 693 4229 vol.
709 4177 729 4244 Ι,
748 4194 775 4245 p.
790 4181 843 4231 514
857 4177 887 4230 et
901 4181 953 4229 550
968 4177 1025 4232 not.
1045 4182 1088 4232 38.
1103 4207 1135 4217 -—
1153 4180 1195 4247 10)
1210 4179 1260 4232 τοῦ
1276 4177 1380 4248 adjecit

233 4255 262 4311 G.
282 4256 376 4314 Muell.
396 4290 430 4298 —
450 4263 494 4330 11)
512 4256 676 4332 χερρόνησοι
694 4258 831 4338 άχιτίδες,
851 4283 903 4322 em.
923 4265 1055 4334 Bursiam
1078 4266 1126 4322 cfr.
1145 4284 1229 4337 supra
1246 4273 1269 4334 ξ.
1281 4273 1323 4326 48.
1345 4299 1377 4310 -

233 4346 278 4418 12)
298 4341 401 4418 αῦτῦν,
421 4365 474 4404 em.
495 4349 523 4404 O.
543 4351 637 4410 Muell.
935 4359 937 4365 '

1165 4452 1180 4500 3
