3256 5102
583 305 929 368 ·-22-

240 458 395 547 Ἑλληνὶς
416 461 472 529 καὶ
495 460 617 540 κόλπος
637 461 857 548 Σερμνλικός,
885 461 1024 550 Τοριόνη
1048 461 1143 542 πόλις
1161 459 1315 549 Ἑλληνὶς
1337 465 1392 532 καὶ

245 567 358 655 λιμήν,
384 575 472 636 Δῖον
492 564 660 654 Ἑλληνίς,
682 567 844 659 ΘνσσὸςῙ)
867 567 1032 655 Ἑλληνίς,
1056 570 1211 637 Κλεωναὶ
1229 567 1392 658 Ἑλληνίς,

236 673 350 754 ’Ἄθως
369 672 458 761 όρος,
479 671 698 762 Ἀκρόθῳοιῖ)
717 671 881 762 Ἑλληνίς,
904 679 1103 762 Χαραδροῦς
1121 674 1284 763 Ἑλληνίς,
1304 675 1392 746 Ὀλό-

158 800 235 858 2711,
247 781 344 868 ῳνξις
361 778 524 866 Ἑλληνίς,
554 787 559 864 1
577 779 749 862 ’Ἁκανδος
765 779 929 868 Ἑλληνίς,
952 781 1099 850 ’Ἀλαπτα
1122 781 1285 871 Ἑλληνίς,
1306 782 1392 873 Ἀρέ-

245 895 358 954 θονσα
376 883 540 973 Ἑλληνίς,
564 887 677 975 Βόλβη
702 894 814 976 λίμνη,
835 887 1041 957 Ἀπολλωνία
1059 887 1220 976 Ἑλληνί.
1258 891 1336 958 Είσὶ
1355 890 1392 959 δὲ

245 993 301 1060 καὶ
324 990 421 1062 ὰλλαι
444 996 660 1074 Μακεδονίας
683 997 719 1063 ἐν
743 1001 899 1085 μεσογείᾳ
921 1001 1051 1064 πολλαί.
1086 994 1182 1065 Ἔστι
1206 996 1244 1064 δὲ
1265 997 1392 1065 κολπώ-

247 1103 315 1186 δης.
370 1097 576 1187 Παρὰπλονς
609 1101 646 1169 δὲ
676 1102 750 1188 περὶ
780 1100 858 1181 τοὺς
888 1101 1033 1182 κόλπους
1061 1103 1227 1190 τεττάρων
1259 1101 1392 1190 ἡμερῶν

245 1207 301 1274 καὶ
319 1207 493 1296 ννκτῶνδ).
531 1206 627 1277 Μετὰ
642 1207 679 1276 δὲ
694 1212 913 1277 Μακεδονίαν
929 1207 1096 1296 Στρνμὰν
1110 1208 1269 1296 ποταμός·
1294 1201 1392 1290 οὗτος

247 1310 347 1398 ὁρίζει
370 1317 591 1383 Μακεδονίαν
612 1316 668 1384 καὶ
683 1315 826 1405 Θρηίκην.
873 1320 925 1385 68.
950 1315 1070 1402 Διήκει
1093 1316 1131 1384 δὲ
1153 1314 1174 1402 ἡ
1194 1315 1307 1407 Θρᾴκη
1327 1315 1392 1384 ὰπὸ

246 1419 446 1506 Στρυμόνος
460 1426 610 1509 ποταμοῦ
625 1423 719 1510 μέχρι
738 1420 874 1510 Ἵστρον
892 1427 1043 1509 ποταμοῦ
1056 1433 1117 1490 τοῦ
1131 1425 1168 1491 ἐν
1181 1427 1227 1514 τῷ
1243 1421 1393 1513 Εὐξείνῳ

247 1524 379 1616 Πόντῳ.
426 1529 504 1594 Είσλ
533 1526 564 1594 δ’
595 1530 631 1596 ἐν
660 1527 774 1617 Θρὰκη
803 1528 916 1608 πόλεις
942 1527 1136 1615 Ἑλληνίδες
1163 1532 1250 1596 αἵδε*
1278 1528 1392 1616 Ἀμῳί-

246 1640 351 1719 πολις,
377 1631 555 1722 Φὰγρης4),
578 1633 746 1720 Γαληνός,
770 1633 951 1722 Οίσόμηδ),
973 1635 1030 1702 καὶ
1053 1633 1138 1703 ὰλλα
1162 1635 1304 1723 ἐμπόρια
1327 1643 1392 1704 Θα-

247 1739 372 1826 σίεονθ).
408 1737 503 1808 Κατὰ
520 1741 624 1808 ταῦτα’
642 1742 711 1808 ἐστι
730 1739 871 1829 Θόσοςῗ)
893 1744 997 1827 νῆσος
1017 1740 1072 1808 καὶ
1086 1739 1182 1820 πόλις
1194 1741 1250 1808 καὶ
1264 1743 1395 1828 λιμένες

247 1844 323 1914 δύο·
355 1845 484 1914 τούτων
499 1844 532 1914 ·ὁ
566 1841 614 1926 εἷς
642 1847 800 1926 κλειστός.
852 1845 1022 1934 Ἐπάνειμι
1055 1847 1093 1914 δὲ
1120 1846 1222 1915 πάλιν
1252 1847 1304 1915 ἐπὶ
1333 1847 1395 1934 τὴν

246 1950 431 2040 ἤπειρονθ),
455 1950 539 2020 ὅθεν
559 1953 792 2041 ἐξετραπόμην.
834 1953 1014 2038 Νεὰπολις,
1036 1951 1118 2020 κατὰ
1137 1953 1261 2040 ταύτην
1281 1953 1396 2022 Δὰτον

247 2057 344 2138 πόλις
361 2055 525 2145 Ἑλληνίς,
549 2054 593 2144 ἣν
617 2057 748 2152 ᾤκισεθ)
773 2065 1021 2146 Καλλίστρατος
1040 2056 1235 2144 Ἀθηναῖος,
1258 2061 1313 2127 καλ
1336 2083 1394 2143 πο-

246 2165 351 2253 ταμὸς
364 2168 501 2252 Νέστος,
516 2163 667 2254 ’Ἀβδηρα
686 2167 793 2250 πόλις,
817 2165 993 2249 Κοόδητος
1006 2162 1154 2250 ποταμὸς
1165 2165 1221 2231 καὶ
1230 2165 1268 2251 10)
1283 2165 1396 2244 πόλεις

248 2278 372 2340 Δίκαια
399 2273 455 2340 καλ
483 2272 678 2359 Μαρώνεια.
728 2269 823 2340 Κατὰ
845 2273 948 2338 ταῦτα
972 2269 1180 2360 Σαμοθρᾴκη
1209 2274 1313 2358 νῆσος
1340 2272 1395 2338 καὶ

247 2376 404 2464 λιμήνΠ).
450 2377 544 2446 Κατὰ
567 2378 693 2465 ταύτην
716 2379 752 2446 ἐν
775 2381 815 2466 τῇ
839 2375 964 2468 ἠπείρῳ
989 2376 1130 2464 ἐμπόρια
1155 2381 1260 2466 Δρῦς,
1285 2377 1395 2465 Ζοόνη,

247 2481 394 2572 ποταμὸς
408 2481 530 2573 Ἕβρος
552 2485 607 2552 καὶ
631 2481 680 2551 ἐπ’
708 2482 797 2574 αὐτῷ
821 2497 928 2570 τεῖχος
947 2488 1148 2570 Λονρίσκος,
1172 2481 1278 2563 Λίνος
1300 2483 1397 2564 πόλις

247 2593 303 2660 καί
335 2591 452 2680 λιμήν,
484 2598 575 2681 τείχη
604 2591 781 2679 Λίνίωνη)
816 2592 857 2658 ἐν
885 2594 923 2678 τῇ
957 2589 1086 2679 Θρᾴκη,
1119 2593 1235 2669 Μέλας
1264 2590 1397 2676 κόλπος,

250 2810 379 2874 διανῶν
387 2807 440 2895 ¹³),
472 2807 528 2875 καί
558 2805 639 2874 ὰλλο
671 2803 834 2884 Κόπασις.
881 2801 975 2871 Κατὰ
1007 2800 1067 2870 τὸν
1096 2804 1237 2870 Μέλανα
1264 2802 1392 2873 κόλπον

239 2913 378 3003 Ἴμβρος
405 2915 473 2982 ἐστὶ
500 2917 604 3000 νῆσος
630 2912 686 2979 καλ
714 2911 810 2991 πόλις
836 2911 892 2978 καὶ
916 2915 1053 2998 Λῆμνος
1080 2914 1184 2997 νῆσος
1206 2910 1261 2977 καλ
1284 2910 1395 2998 λιμήν.

248 3019 417 3108 Ἐπὰνειμι
445 3019 545 3087 πόλιν
570 3018 622 3086 ε’πὶ
649 3016 711 3105 τὴν
739 3016 889 3107 ἤπειρον,
918 3015 1002 3084 ὅθεν
1022 3016 1255 3103 ἐξιτραπόμην.
1301 3017 1397 3086 Μετὰ

251 3127 288 3194 δὲ
311 3125 371 3194 τὸν
400 3128 542 3196 Μέλανα
568 3124 696 3194 κόλπον
729 3125 819 3194 ἐστὶν
848 3121 868 3210 ἡ
898 3123 1073 3214 Θρᾳκίαιλ)
1105 3122 1310 3210 χερῤόνησος
1340 3124 1397 3192 καλ

250 3232 363 3312 πόλεις
386 3234 424 3301 ἐν
447 3231 530 3321 αὐτῇ
555 3235 641 3300 α’ίδε·
671 3234 816 3320 Καρδία,
830 3229 921 3317 Ἴδη,
944 3228 1075 3314 Παισόν,
1096 3227 1398 3316 Ἀλωπεκόννησος,

247 3337 492 3429 Ἀρὰπλονςῑῧ),
518 3336 732 3427 Ἐλαιοῦςῑθ),
762 3335 988 3425 ΜὰδντοςΠ),
1012 3333 1144 3421 Σηστός
1167 3335 1220 3403 ἐπὶ
1242 3339 1303 3402 τοῦ
1326 3333 1398 3403 στό-

322 3537 349 3602 1)
368 3533 456 3602 θῦος,
480 3550 533 3589 em.
552 3533 630 3588 Voss.
652 3565 684 3572 -
710 3535 737 3602 2)
762 3526 935 3601 όκροθῶται,
963 3562 996 3570 -
1020 3533 1047 3598 3)
1070 3525 1123 3584 δόο
1145 3523 1272 3600 ἡμερῶν,
1296 3547 1348 3587 em.
1369 3531 1398 3585 Ο.

251 3623 346 3678 Muell.
366 3653 399 3663 -
424 3624 452 3691 4)
471 3618 581 3692 φήγρη,
605 3640 658 3680 em.
676 3622 755 3678 Voss.
776 3651 809 3662 —
828 3621 856 3690 5)
875 3615 986 3691 σισόμη,
1005 3637 1057 3675 em.
1076 3619 1231 3674 Mausacus.
1251 3651 1284 3660 -
1305 3621 1332 3688 6)
1351 3638 1400 3674 ια-

251 3715 333 3782 ηίων,
356 3728 408 3767 em.
428 3711 611 3767 Slothouwer.
631 3741 664 3751 —
686 3715 712 3779 7)
733 3707 818 3777 ἔλσας,
837 3726 890 3764 em.
911 3710 991 3765 Voss.
1012 3739 1046 3750 -
1065 3711 1092 3778 8)
1112 3703 1155 3763 ἐπ.
1174 3727 1197 3762 τ.
1219 3703 1268 3776 ἥπ.
1284 3707 1398 3776 omittit,

252 3801 356 3872 adjecit
387 3801 418 3854 in
449 3800 558 3856 Latinis
581 3799 610 3856 Ο.
635 3799 761 3854 Mueller.
784 3829 817 3838 -
836 3802 864 3866 9)
891 3792 907 3851 ὁ
937 3799 996 3859 ίκος
1024 3793 1056 3852 ἔν
1084 3797 1271 3865 καλίττρατος.
1296 3827 1330 3836 —-·
1355 3800 1398 3867 10)

253 3891 324 3946 αἵδε.
341 3921 372 3930 -
395 3892 439 3959 11)
459 3885 532 3944 κατὰ
546 3889 637 3943 ταῦτα
657 3883 688 3943 ἒν
707 3887 740 3959 τῇ
760 3881 880 3960 ἠπείρῳ·
901 3881 1035 3956 ἐμπόρια·
1055 3880 1194 3954 δρνζόνη·
1212 3881 1398 3958 ταμοθράκη·

253 3999 341 4034 κατατ
355 3979 404 4034 καλ
417 3974 512 4048 λιμήν·
532 3973 659 4047 ποταμὸς
672 3972 821 4046 δονρισκός
840 3971 1000 4047 [δονσρικός
1014 3974 1102 4028 Ειιιιιι.
1118 3974 1240 4045 Miller.],
1259 3969 1396 4047 ὰββαρος·

133 2764 138 2773 .
160 2721 238 2777 2811.
249 2700 365 2780 Μέλας
392 2700 553 2788 ποταμός,
582 2699 685 2787 Δερλς
708 2696 885 2784 ἐμπόριον,
914 2699 1059 2782 Κῶβρνς
1085 2695 1090 2784 l
1120 2695 1281 2782 ἐμπόριον
1306 2703 1396 2784 Καρ·

1614 3973 1615 4014 ι

254 4067 303 4123 καὶ
323 4061 369 4123 ἐπ’
390 4062 468 4141 αὐτῷ
487 4073 591 4136 τεῖχος·
611 4061 703 4135 αἶνος,
727 4065 833 4120 emend.
859 4065 936 4118 Voss.
962 4065 991 4118 et
1014 4081 1074 4134 ego.
1095 4097 1128 4104 -
1154 4068 1198 4134 12)
1221 4067 1322 4131 τίνων,
1346 4080 1398 4117 em.

253 4159 372 4212 Palmer.
392 4187 424 4197 -
451 4157 494 4224 13)
518 4155 669 4225 καρδανιὸν
688 4157 716 4210 et
734 4171 799 4208 mox
820 4149 901 4214 ἄλλος
919 4149 1065 4222 κόπασηις.
1089 4185 1117 4192 -
1140 4157 1183 4222 14)
1201 4149 1297 4226 δρηίκη
1315 4146 1398 4220 ἀχερ-

254 4243 381 4316 ρόνηοος,
400 4263 452 4301 em.
468 4244 549 4300 Voss.
565 4275 597 4284 -
620 4246 663 4312 16)
682 4238 796 4314 Δρόβος
810 4240 912 4295 maluit
930 4241 959 4295 G.
974 4241 1069 4296 Muell.
1091 4273 1122 4282 -
1144 4244 1188 4310 17)
1208 4235 1326 4313 ἒλβιοός,
1345 4257 1398 4295 em.

254 4335 333 4390 Voss.
350 4367 382 4376 -
404 4337 446 4404 17)
465 4329 582 4407 ὰβοδος,
602 4350 654 4390 em.
674 4331 794 4387 Gronov.
938 4339 945 4345 '
